2023-01-01 Evolution Vaping       Sutton Coldfi GBR
    Assets:Bank:Monzo:Current Account                 £-28.90
    Expenses:Misc                                     £28.90

2023-01-02 Referral bonus 🎉
    Assets:Bank:Monzo:Current Account                 £5.00
    Expenses:Misc                                     £-5.00

2023-01-02 SELECTA U.K. LIMITED   LONDON        GBR
    Assets:Bank:Monzo:Current Account                 £-0.50
    Expenses:Misc                                     £0.50

2023-01-02 SELECTA U.K. LIMITED   LONDON        GBR
    Assets:Bank:Monzo:Current Account                 £-0.50
    Expenses:Misc                                     £0.50

2023-01-02 SELECTA U.K. LIMITED   LONDON        GBR
    Assets:Bank:Monzo:Current Account                 £-0.50
    Expenses:Misc                                     £0.50

2023-01-02 UBER   * PENDING       London        GBR
    Assets:Bank:Monzo:Current Account                 £-12.90
    Expenses:Misc                                     £12.90

2023-01-02 UBER   *TRIP           London        GBR
    Assets:Bank:Monzo:Current Account                 £-2.00
    Expenses:Misc                                     £2.00

2023-01-02 CHARCOAL GRILL         HATFIELD      GBR
    Assets:Bank:Monzo:Current Account                 £-18.90
    Expenses:Misc                                     £18.90

2023-01-04 SELECTA U.K. LIMITED   LONDON        GBR
    Assets:Bank:Monzo:Current Account                 £-0.50
    Expenses:Misc                                     £0.50

2023-01-04 SELECTA U.K. LIMITED   LONDON        GBR
    Assets:Bank:Monzo:Current Account                 £-0.50
    Expenses:Misc                                     £0.50

2023-01-05 SELECTA U.K. LIMITED   LONDON        GBR
    Assets:Bank:Monzo:Current Account                 £-0.50
    Expenses:Misc                                     £0.50

2023-01-05 SELECTA U.K. LIMITED   LONDON        GBR
    Assets:Bank:Monzo:Current Account                 £-0.50
    Expenses:Misc                                     £0.50

2023-01-06 MONZO
    Assets:Bank:Monzo:Current Account                 £50.00
    Equity:Transfers                                  £-50.00

2023-01-06 SELECTA U.K. LIMITED   LONDON        GBR
    Assets:Bank:Monzo:Current Account                 £-0.50
    Expenses:Misc                                     £0.50

2023-01-07 ASDA SUPERSTORE 04406  HATFIELD      GBR
    Assets:Bank:Monzo:Current Account                 £-5.30
    Expenses:Misc                                     £5.30

2023-01-07 GOOGLE *YouTubePremium 650-253-0000  GBR
    Assets:Bank:Monzo:Current Account                 £-11.99
    Expenses:Entertainment:Youtube Premium                                     £11.99

2023-01-08 43041960 COSTA COFFEE  WALTHAM ABBEY GBR
    Assets:Bank:Monzo:Current Account                 £-5.90
    Expenses:Misc                                     £5.90

2023-01-09 PAYBYPHONE RE SPARE 3  HATFIELD      GBR
    Assets:Bank:Monzo:Current Account                 £0.00
    Expenses:Misc                                     £0.00

2023-01-09 PARKING PAY BY PHONE   BOREHAMWOOD   GBR
    Assets:Bank:Monzo:Current Account                 £-1.14
    Expenses:Misc                                     £1.14

2023-01-10 MCDONALDS              LONDON        GBR
    Assets:Bank:Monzo:Current Account                 £-1.69
    Expenses:Misc                                     £1.69

2023-01-10 The Maltings Shopping  St Albans     GBR
    Assets:Bank:Monzo:Current Account                 £-2.00
    Expenses:Misc                                     £2.00

2023-01-10 MONZO
    Assets:Bank:Monzo:Current Account                 £50.00
    Equity:Transfers                                  £-50.00

2023-01-11 AMAZON EU              AMAZON.CO.UK  GBR
    Assets:Bank:Monzo:Current Account                 £0.00
    Expenses:Misc                                     £0.00

2023-01-11 AMZNMktplace           amazon.co.uk  GBR
    Assets:Bank:Monzo:Current Account                 £-41.87
    Expenses:Misc                                     £41.87

2023-01-13 MONZO
    Assets:Bank:Monzo:Current Account                 £50.00
    Equity:Transfers                                  £-50.00

2023-01-14 MARKS&SPENCER PLC      HERTFORDSHIRE GBR
    Assets:Bank:Monzo:Current Account                 £-19.50
    Expenses:Misc                                     £19.50

2023-01-14 FLAVOUR ART UK         BLACKBURN     GBR
    Assets:Bank:Monzo:Current Account                 £-13.40
    Expenses:Misc                                     £13.40

2023-01-15 MICROSOFT*SUBSCRIPTION MSBILL.INFO   GBR
    Assets:Bank:Monzo:Current Account                 £-5.99
    Expenses:Misc                                     £5.99

2023-01-16 DISCOUNTDRAGON.CO.UK   +441942672246 GBR
    Assets:Bank:Monzo:Current Account                 £0.00
    Expenses:Misc                                     £0.00

2023-01-16 DISCOUNTDRAGON.CO.UK   +441942672246 GBR
    Assets:Bank:Monzo:Current Account                 £-23.52
    Expenses:Misc                                     £23.52

2023-01-19 COSTA COFFEE - POTTERS POTTERS BAR   GBR
    Assets:Bank:Monzo:Current Account                 £-3.60
    Expenses:Misc                                     £3.60

2023-01-19 POST OFFICE COUNTER    POTTERS BAR   GBR
    Assets:Bank:Monzo:Current Account                 £-6.85
    Expenses:Misc                                     £6.85

2023-01-19 SAINSBURYS             POTTERS BAR   GBR
    Assets:Bank:Monzo:Current Account                 £-4.65
    Expenses:Misc                                     £4.65

2023-01-20 MONZO
    Assets:Bank:Monzo:Current Account                 £50.00
    Equity:Transfers                                  £-50.00

2023-01-20 awork.co.uk            03330300015   GBR
    Assets:Bank:Monzo:Current Account                 £-20.00
    Expenses:Misc                                     £20.00

2023-01-21 PARKING PAY BY PHONE   BOREHAMWOOD   GBR
    Assets:Bank:Monzo:Current Account                 £-2.14
    Expenses:Misc                                     £2.14

2023-01-23 giffgaff               London        GBR
    Assets:Bank:Monzo:Current Account                 £-8.00
    Expenses:Misc                                     £8.00

2023-01-24 The Maltings Shopping  St Albans     GBR
    Assets:Bank:Monzo:Current Account                 £-2.00
    Expenses:Misc                                     £2.00

2023-01-27 MONZO
    Assets:Bank:Monzo:Current Account                 £50.00
    Equity:Transfers                                  £-50.00

2023-01-28 SAINSBURYS             POTTERS BAR   GBR
    Assets:Bank:Monzo:Current Account                 £-1.90
    Expenses:Misc                                     £1.90

2023-01-28 CHARCOAL GRILL         HATFIELD      GBR
    Assets:Bank:Monzo:Current Account                 £-32.40
    Expenses:Misc                                     £32.40

2023-01-30 VAPE CLUB              WATFORD       GBR
    Assets:Bank:Monzo:Current Account                 £-25.49
    Expenses:Misc                                     £25.49

2023-02-02 DISCOUNTDRAGON.CO.UK   +441942672246 GBR
    Assets:Bank:Monzo:Current Account                 £-22.16
    Expenses:Misc                                     £22.16

2023-02-02 Round up
    Assets:Bank:Monzo:Current Account                 £-0.84
    Assets:Bank:Monzo:Change Pot                      £0.84

2023-02-03 MONZO
    Assets:Bank:Monzo:Current Account                 £50.00
    Equity:Transfers                                  £-50.00

2023-02-04 ST ALBANS COUNCIL PARK ST. ALBANS    GBR
    Assets:Bank:Monzo:Current Account                 £-2.80
    Expenses:Misc                                     £2.80

2023-02-04 Round up
    Assets:Bank:Monzo:Current Account                 £-0.20
    Assets:Bank:Monzo:Change Pot                      £0.20

2023-02-06 43017280 COSTA COFFEE  ST. ALBANS    GBR
    Assets:Bank:Monzo:Current Account                 £-3.25
    Expenses:Misc                                     £3.25

2023-02-06 Round up
    Assets:Bank:Monzo:Current Account                 £-0.75
    Assets:Bank:Monzo:Change Pot                      £0.75

2023-02-06 The Maltings Shopping  St Albans     GBR
    Assets:Bank:Monzo:Current Account                 £-2.00
    Expenses:Misc                                     £2.00

2023-02-06 Amazon.co.uk           AMAZON.CO.UK  GBR
    Assets:Bank:Monzo:Current Account                 £-10.39
    Expenses:Misc                                     £10.39

2023-02-06 Round up
    Assets:Bank:Monzo:Current Account                 £-0.61
    Assets:Bank:Monzo:Change Pot                      £0.61

2023-02-07 GOOGLE *YouTubePremium 650-253-0000  GBR
    Assets:Bank:Monzo:Current Account                 £-11.99
    Expenses:Entertainment:Youtube Premium                                     £11.99

2023-02-07 Round up
    Assets:Bank:Monzo:Current Account                 £-0.01
    Assets:Bank:Monzo:Change Pot                      £0.01

2023-02-10 MONZO
    Assets:Bank:Monzo:Current Account                 £50.00
    Equity:Transfers                                  £-50.00

2023-02-11 WATFORD CENTRE LIMITED WATFORD       GBR
    Assets:Bank:Monzo:Current Account                 £-2.00
    Expenses:Misc                                     £2.00

2023-02-11 SAINSBURYS - COLNEY PA ST ALBANS     GBR
    Assets:Bank:Monzo:Current Account                 £-4.45
    Expenses:Misc                                     £4.45

2023-02-11 Round up
    Assets:Bank:Monzo:Current Account                 £-1.10
    Assets:Bank:Monzo:Change Pot                      £1.10

2023-02-11
    Assets:Bank:Monzo:Current Account                 £-1.68
    Assets:Bank:Monzo:Change Pot                      £1.68

2023-02-15 Microsoft*Subscription Reading       GBR
    Assets:Bank:Monzo:Current Account                 £-5.99
    Expenses:Misc                                     £5.99

2023-02-15 Round up
    Assets:Bank:Monzo:Current Account                 £-0.01
    Assets:Bank:Monzo:Change Pot                      £0.01

2023-02-15 DISCOUNTDRAGON.CO.UK   +441942672246 GBR
    Assets:Bank:Monzo:Current Account                 £-27.07
    Expenses:Misc                                     £27.07

2023-02-15 Round up
    Assets:Bank:Monzo:Current Account                 £-0.93
    Assets:Bank:Monzo:Change Pot                      £0.93

2023-02-17 MONZO
    Assets:Bank:Monzo:Current Account                 £50.00
    Equity:Transfers                                  £-50.00

2023-02-18 SAINSBURYS - COLNEY PA ST ALBANS     GBR
    Assets:Bank:Monzo:Current Account                 £-17.40
    Expenses:Misc                                     £17.40

2023-02-18 Round up
    Assets:Bank:Monzo:Current Account                 £-0.60
    Assets:Bank:Monzo:Change Pot                      £0.60

2023-02-19 awork.co.uk            03330300015   GBR
    Assets:Bank:Monzo:Current Account                 £-20.00
    Expenses:Misc                                     £20.00

2023-02-21 TESCO STORES 2654      HATFIELD      GBR
    Assets:Bank:Monzo:Current Account                 £-7.50
    Expenses:Misc                                     £7.50

2023-02-21 Round up
    Assets:Bank:Monzo:Current Account                 £-0.50
    Assets:Bank:Monzo:Change Pot                      £0.50

2023-02-23 giffgaff               London        GBR
    Assets:Bank:Monzo:Current Account                 £-10.00
    Expenses:Misc                                     £10.00

2023-02-24 MONZO
    Assets:Bank:Monzo:Current Account                 £50.00
    Equity:Transfers                                  £-50.00

2023-02-24 SAINSBURYS             ST ALBANS     GBR
    Assets:Bank:Monzo:Current Account                 £-20.13
    Expenses:Misc                                     £20.13

2023-02-24 Round up
    Assets:Bank:Monzo:Current Account                 £-0.87
    Assets:Bank:Monzo:Change Pot                      £0.87

2023-02-24 AMZNMktplace           amazon.co.uk  GBR
    Assets:Bank:Monzo:Current Account                 £-7.99
    Expenses:Misc                                     £7.99

2023-02-24 Round up
    Assets:Bank:Monzo:Current Account                 £-0.01
    Assets:Bank:Monzo:Change Pot                      £0.01

2023-02-26 WWW.SCREWFIX.COM       YEOVIL        GBR
    Assets:Bank:Monzo:Current Account                 £-8.67
    Expenses:Misc                                     £8.67

2023-02-26 Round up
    Assets:Bank:Monzo:Current Account                 £-0.33
    Assets:Bank:Monzo:Change Pot                      £0.33

2023-02-27 POST OFFICE COUNTER    HATFIELD      GBR
    Assets:Bank:Monzo:Current Account                 £-0.95
    Expenses:Misc                                     £0.95

2023-02-27 Selecta U.K. Limited   South Ruislip GBR
    Assets:Bank:Monzo:Current Account                 £-0.25
    Expenses:Misc                                     £0.25

2023-02-27 Selecta U.K. Limited   South Ruislip GBR
    Assets:Bank:Monzo:Current Account                 £-0.70
    Expenses:Misc                                     £0.70

2023-02-27 Selecta U.K. Limited   South Ruislip GBR
    Assets:Bank:Monzo:Current Account                 £-0.25
    Expenses:Misc                                     £0.25

2023-02-27 Selecta U.K. Limited   South Ruislip GBR
    Assets:Bank:Monzo:Current Account                 £-0.25
    Expenses:Misc                                     £0.25

2023-02-28 Selecta U.K. Limited   South Ruislip GBR
    Assets:Bank:Monzo:Current Account                 £-0.25
    Expenses:Misc                                     £0.25

2023-03-01 COSTA COFFEE 43010455  ST. ALBANS    GBR
    Assets:Bank:Monzo:Current Account                 £-3.25
    Expenses:Misc                                     £3.25

2023-03-01 Round up
    Assets:Bank:Monzo:Current Account                 £-0.75
    Assets:Bank:Monzo:Change Pot                      £0.75

2023-03-01 The Maltings Shopping  St Albans     GBR
    Assets:Bank:Monzo:Current Account                 £-2.00
    Expenses:Misc                                     £2.00

2023-03-01 AMZNMktplace           amazon.co.uk  GBR
    Assets:Bank:Monzo:Current Account                 £-2.99
    Expenses:Misc                                     £2.99

2023-03-01 Round up
    Assets:Bank:Monzo:Current Account                 £-0.01
    Assets:Bank:Monzo:Change Pot                      £0.01

2023-03-01 Selecta U.K. Limited   South Ruislip GBR
    Assets:Bank:Monzo:Current Account                 £-1.70
    Expenses:Misc                                     £1.70

2023-03-01 Round up
    Assets:Bank:Monzo:Current Account                 £-0.30
    Assets:Bank:Monzo:Change Pot                      £0.30

2023-03-01 Selecta U.K. Limited   South Ruislip GBR
    Assets:Bank:Monzo:Current Account                 £-0.80
    Expenses:Misc                                     £0.80

2023-03-01 Selecta U.K. Limited   South Ruislip GBR
    Assets:Bank:Monzo:Current Account                 £0.80
    Expenses:Misc                                     £-0.80

2023-03-02 Selecta U.K. Limited   South Ruislip GBR
    Assets:Bank:Monzo:Current Account                 £-1.55
    Expenses:Misc                                     £1.55

2023-03-02 Round up
    Assets:Bank:Monzo:Current Account                 £-0.45
    Assets:Bank:Monzo:Change Pot                      £0.45

2023-03-02 Selecta U.K. Limited   South Ruislip GBR
    Assets:Bank:Monzo:Current Account                 £-0.80
    Expenses:Misc                                     £0.80

2023-03-03 MONZO
    Assets:Bank:Monzo:Current Account                 £50.00
    Equity:Transfers                                  £-50.00

2023-03-03 Selecta U.K. Limited   South Ruislip GBR
    Assets:Bank:Monzo:Current Account                 £-1.55
    Expenses:Misc                                     £1.55

2023-03-03 Round up
    Assets:Bank:Monzo:Current Account                 £-0.45
    Assets:Bank:Monzo:Change Pot                      £0.45

2023-03-06 Selecta U.K. Limited   South Ruislip GBR
    Assets:Bank:Monzo:Current Account                 £-0.25
    Expenses:Misc                                     £0.25

2023-03-07 GOOGLE *YouTubePremium 650-253-0000  GBR
    Assets:Bank:Monzo:Current Account                 £-11.99
    Expenses:Entertainment:Youtube Premium                                     £11.99

2023-03-07 Round up
    Assets:Bank:Monzo:Current Account                 £-0.01
    Assets:Bank:Monzo:Change Pot                      £0.01

2023-03-10 MONZO
    Assets:Bank:Monzo:Current Account                 £50.00
    Equity:Transfers                                  £-50.00

2023-03-10 awork.co.uk            03330300015   GBR
    Assets:Bank:Monzo:Current Account                 £-20.00
    Expenses:Misc                                     £20.00

2023-03-12 Selecta U.K. Limited   South Ruislip GBR
    Assets:Bank:Monzo:Current Account                 £-1.55
    Expenses:Misc                                     £1.55

2023-03-12 Round up
    Assets:Bank:Monzo:Current Account                 £-0.45
    Assets:Bank:Monzo:Change Pot                      £0.45

2023-03-13 SQ *OLIVE AND SAGE LTD Knutsford     GBR
    Assets:Bank:Monzo:Current Account                 £-14.40
    Expenses:Misc                                     £14.40

2023-03-13 Round up
    Assets:Bank:Monzo:Current Account                 £-0.60
    Assets:Bank:Monzo:Change Pot                      £0.60

2023-03-13 Selecta U.K. Limited   South Ruislip GBR
    Assets:Bank:Monzo:Current Account                 £-0.25
    Expenses:Misc                                     £0.25

2023-03-15 Microsoft*Subscription Reading       GBR
    Assets:Bank:Monzo:Current Account                 £-5.99
    Expenses:Misc                                     £5.99

2023-03-15 Round up
    Assets:Bank:Monzo:Current Account                 £-0.01
    Assets:Bank:Monzo:Change Pot                      £0.01

2023-03-15 The Maltings Shopping  St Albans     GBR
    Assets:Bank:Monzo:Current Account                 £-2.00
    Expenses:Misc                                     £2.00

2023-03-15 Selecta U.K. Limited   South Ruislip GBR
    Assets:Bank:Monzo:Current Account                 £-0.25
    Expenses:Misc                                     £0.25

2023-03-15 Selecta U.K. Limited   South Ruislip GBR
    Assets:Bank:Monzo:Current Account                 £-0.70
    Expenses:Misc                                     £0.70

2023-03-17 MONZO
    Assets:Bank:Monzo:Current Account                 £50.00
    Equity:Transfers                                  £-50.00

2023-03-17 WICKES BUILDING SUPPLI WATFORD       GBR
    Assets:Bank:Monzo:Current Account                 £-19.50
    Expenses:Misc                                     £19.50

2023-03-17 Round up
    Assets:Bank:Monzo:Current Account                 £-0.50
    Assets:Bank:Monzo:Change Pot                      £0.50

2023-03-17 ALDI STORES LIMITED    WELWYN GARDEN GBR
    Assets:Bank:Monzo:Current Account                 £-3.08
    Expenses:Misc                                     £3.08

2023-03-17 Round up
    Assets:Bank:Monzo:Current Account                 £-0.92
    Assets:Bank:Monzo:Change Pot                      £0.92

2023-03-17 TESCO STORES 2654      HATFIELD      GBR
    Assets:Bank:Monzo:Current Account                 £-4.75
    Expenses:Misc                                     £4.75

2023-03-17 Round up
    Assets:Bank:Monzo:Current Account                 £-0.25
    Assets:Bank:Monzo:Change Pot                      £0.25

2023-03-18 SAINSBURYS             POTTERS BAR   GBR
    Assets:Bank:Monzo:Current Account                 £-1.40
    Expenses:Misc                                     £1.40

2023-03-18 Round up
    Assets:Bank:Monzo:Current Account                 £-0.60
    Assets:Bank:Monzo:Change Pot                      £0.60

2023-03-19 ST ALBANS COUNCIL PARK ST. ALBANS    GBR
    Assets:Bank:Monzo:Current Account                 £-1.15
    Expenses:Misc                                     £1.15

2023-03-19 Round up
    Assets:Bank:Monzo:Current Account                 £-0.85
    Assets:Bank:Monzo:Change Pot                      £0.85

2023-03-19 SELECTA U.K. LIMITED   LONDON        GBR
    Assets:Bank:Monzo:Current Account                 £-0.50
    Expenses:Misc                                     £0.50

2023-03-19 Selecta U.K. Limited   South Ruislip GBR
    Assets:Bank:Monzo:Current Account                 £-0.25
    Expenses:Misc                                     £0.25

2023-03-19 Selecta U.K. Limited   South Ruislip GBR
    Assets:Bank:Monzo:Current Account                 £-0.25
    Expenses:Misc                                     £0.25

2023-03-19 Selecta U.K. Limited   South Ruislip GBR
    Assets:Bank:Monzo:Current Account                 £-0.25
    Expenses:Misc                                     £0.25

2023-03-20 SELECTA U.K. LIMITED   LONDON        GBR
    Assets:Bank:Monzo:Current Account                 £-0.50
    Expenses:Misc                                     £0.50

2023-03-20 Selecta U.K. Limited   South Ruislip GBR
    Assets:Bank:Monzo:Current Account                 £-0.25
    Expenses:Misc                                     £0.25

2023-03-21 MONZO
    Assets:Bank:Monzo:Current Account                 £100.00
    Equity:Transfers                                  £-100.00

2023-03-21
    Assets:Bank:Monzo:Current Account                 £-100.00
    Expenses:Misc                                     £100.00

2023-03-21 SELECTA U.K. LIMITED   LONDON        GBR
    Assets:Bank:Monzo:Current Account                 £-0.50
    Expenses:Misc                                     £0.50

2023-03-21 Selecta U.K. Limited   South Ruislip GBR
    Assets:Bank:Monzo:Current Account                 £-2.70
    Expenses:Misc                                     £2.70

2023-03-21 Round up
    Assets:Bank:Monzo:Current Account                 £-0.30
    Assets:Bank:Monzo:Change Pot                      £0.30

2023-03-21 SELECTA U.K. LIMITED   LONDON        GBR
    Assets:Bank:Monzo:Current Account                 £-0.50
    Expenses:Misc                                     £0.50

2023-03-22 SELECTA U.K. LIMITED   LONDON        GBR
    Assets:Bank:Monzo:Current Account                 £-0.50
    Expenses:Misc                                     £0.50

2023-03-22 SELECTA U.K. LIMITED   LONDON        GBR
    Assets:Bank:Monzo:Current Account                 £-0.50
    Expenses:Misc                                     £0.50

2023-03-23 SELECTA U.K. LIMITED   LONDON        GBR
    Assets:Bank:Monzo:Current Account                 £-0.50
    Expenses:Misc                                     £0.50

2023-03-23 giffgaff               London        GBR
    Assets:Bank:Monzo:Current Account                 £-8.00
    Expenses:Misc                                     £8.00

2023-03-23 SELECTA U.K. LIMITED   LONDON        GBR
    Assets:Bank:Monzo:Current Account                 £-0.50
    Expenses:Misc                                     £0.50

2023-03-23 Selecta U.K. Limited   South Ruislip GBR
    Assets:Bank:Monzo:Current Account                 £-0.25
    Expenses:Misc                                     £0.25

2023-03-24 MONZO
    Assets:Bank:Monzo:Current Account                 £150.00
    Equity:Transfers                                  £-150.00

2023-03-24 MARKS&SPENCER PLC      LONDON COLNEY GBR
    Assets:Bank:Monzo:Current Account                 £-4.25
    Expenses:Misc                                     £4.25

2023-03-24 Round up
    Assets:Bank:Monzo:Current Account                 £-0.75
    Assets:Bank:Monzo:Change Pot                      £0.75

2023-03-24 YOURPARKINGSPACE       CANARY WHARF  GBR
    Assets:Bank:Monzo:Current Account                 £-2.00
    Expenses:Misc                                     £2.00

2023-03-25
    Assets:Bank:Monzo:Current Account                 £-26.00
    Expenses:Misc                                     £26.00

2023-03-26
    Assets:Bank:Monzo:Current Account                 £-100.00
    Expenses:Misc                                     £100.00

2023-03-26 DISCOUNTDRAGON.CO.UK   +441942672246 GBR
    Assets:Bank:Monzo:Current Account                 £-20.54
    Expenses:Misc                                     £20.54

2023-03-26 Round up
    Assets:Bank:Monzo:Current Account                 £-0.46
    Assets:Bank:Monzo:Change Pot                      £0.46

2023-03-28 TESCO-STORES-6207      ST ALBANS     GBR
    Assets:Bank:Monzo:Current Account                 £-2.00
    Expenses:Misc                                     £2.00

2023-03-28 The Maltings Shopping  St Albans     GBR
    Assets:Bank:Monzo:Current Account                 £-3.00
    Expenses:Misc                                     £3.00

2023-03-29
    Assets:Bank:Monzo:Current Account                 £16.56
    Expenses:Misc                                     £-16.56

2023-03-29 WF Heriots             Reading       GBR
    Assets:Bank:Monzo:Current Account                 £-12.95
    Expenses:Misc                                     £12.95

2023-03-29 Round up
    Assets:Bank:Monzo:Current Account                 £-0.05
    Assets:Bank:Monzo:Change Pot                      £0.05

2023-03-29 WATFORD CENTRE LIMITED WATFORD       GBR
    Assets:Bank:Monzo:Current Account                 £-4.10
    Expenses:Misc                                     £4.10

2023-03-29 Round up
    Assets:Bank:Monzo:Current Account                 £-0.90
    Assets:Bank:Monzo:Change Pot                      £0.90

2023-03-30 ALDI STORES LIMITED    HATFIELD      GBR
    Assets:Bank:Monzo:Current Account                 £-1.58
    Expenses:Misc                                     £1.58

2023-03-30 Round up
    Assets:Bank:Monzo:Current Account                 £-0.42
    Assets:Bank:Monzo:Change Pot                      £0.42

2023-03-31 MONZO
    Assets:Bank:Monzo:Current Account                 £150.00
    Equity:Transfers                                  £-150.00

2023-04-01 UBER   * EATS PENDING  London        GBR
    Assets:Bank:Monzo:Current Account                 £-21.34
    Expenses:Misc                                     £21.34

2023-04-01 Round up
    Assets:Bank:Monzo:Current Account                 £-0.66
    Assets:Bank:Monzo:Change Pot                      £0.66

2023-04-01 UBER   * EATS PENDING  London        GBR
    Assets:Bank:Monzo:Current Account                 £1.94
    Expenses:Misc                                     £-1.94

2023-04-01 UBER   *EATS           London        GBR
    Assets:Bank:Monzo:Current Account                 £-1.94
    Expenses:Misc                                     £1.94

2023-04-01 Round up
    Assets:Bank:Monzo:Current Account                 £-0.06
    Assets:Bank:Monzo:Change Pot                      £0.06

2023-04-02
    Assets:Bank:Monzo:Current Account                 £-100.00
    Expenses:Misc                                     £100.00

2023-04-02 AMAZON EU              AMAZON.CO.UK  GBR
    Assets:Bank:Monzo:Current Account                 £0.00
    Expenses:Misc                                     £0.00

2023-04-02 AMZNMKTPLACE AMAZON.CO LONDON        GBR
    Assets:Bank:Monzo:Current Account                 £-16.48
    Expenses:Misc                                     £16.48

2023-04-02 Round up
    Assets:Bank:Monzo:Current Account                 £-0.52
    Assets:Bank:Monzo:Change Pot                      £0.52

2023-04-02 AMZNMKTPLACE AMAZON.CO LONDON        GBR
    Assets:Bank:Monzo:Current Account                 £-13.88
    Expenses:Misc                                     £13.88

2023-04-02 Round up
    Assets:Bank:Monzo:Current Account                 £-0.12
    Assets:Bank:Monzo:Change Pot                      £0.12

2023-04-02 SELECTA U.K. LIMITED   LONDON        GBR
    Assets:Bank:Monzo:Current Account                 £-0.50
    Expenses:Misc                                     £0.50

2023-04-03 Evolution Vaping       Sutton Coldfi GBR
    Assets:Bank:Monzo:Current Account                 £-13.79
    Expenses:Misc                                     £13.79

2023-04-03 Round up
    Assets:Bank:Monzo:Current Account                 £-0.21
    Assets:Bank:Monzo:Change Pot                      £0.21

2023-04-03 SELECTA U.K. LIMITED   LONDON        GBR
    Assets:Bank:Monzo:Current Account                 £-0.50
    Expenses:Misc                                     £0.50

2023-04-04 SELECTA U.K. LIMITED   LONDON        GBR
    Assets:Bank:Monzo:Current Account                 £-0.50
    Expenses:Misc                                     £0.50

2023-04-05
    Assets:Bank:Monzo:Current Account                 £20.00
    Expenses:Misc                                     £-20.00

2023-04-05 DISCOUNTDRAGON.CO.UK   +441942672246 GBR
    Assets:Bank:Monzo:Current Account                 £-11.99
    Expenses:Misc                                     £11.99

2023-04-05 Round up
    Assets:Bank:Monzo:Current Account                 £-0.01
    Assets:Bank:Monzo:Change Pot                      £0.01

2023-04-05 SELECTA U.K. LIMITED   LONDON        GBR
    Assets:Bank:Monzo:Current Account                 £-0.50
    Expenses:Misc                                     £0.50

2023-04-06 SELECTA U.K. LIMITED   LONDON        GBR
    Assets:Bank:Monzo:Current Account                 £-0.50
    Expenses:Misc                                     £0.50

2023-04-07 MONZO
    Assets:Bank:Monzo:Current Account                 £100.00
    Equity:Transfers                                  £-100.00

2023-04-07 GOOGLE *YouTubePremium 650-253-0000  GBR
    Assets:Bank:Monzo:Current Account                 £-11.99
    Expenses:Entertainment:Youtube Premium                                     £11.99

2023-04-07 Round up
    Assets:Bank:Monzo:Current Account                 £-0.01
    Assets:Bank:Monzo:Change Pot                      £0.01

2023-04-08 SAINSBURYS - COLNEY PA ST ALBANS     GBR
    Assets:Bank:Monzo:Current Account                 £-44.80
    Expenses:Misc                                     £44.80

2023-04-08 Round up
    Assets:Bank:Monzo:Current Account                 £-0.20
    Assets:Bank:Monzo:Change Pot                      £0.20

2023-04-08 MONZO
    Assets:Bank:Monzo:Current Account                 £45.00
    Equity:Transfers                                  £-45.00

2023-04-09
    Assets:Bank:Monzo:Current Account                 £-100.00
    Expenses:Misc                                     £100.00

2023-04-09 SELECTA U.K. LIMITED   LONDON        GBR
    Assets:Bank:Monzo:Current Account                 £-0.50
    Expenses:Misc                                     £0.50

2023-04-10 SELECTA U.K. LIMITED   LONDON        GBR
    Assets:Bank:Monzo:Current Account                 £-0.50
    Expenses:Misc                                     £0.50

2023-04-10 SELECTA U.K. LIMITED   LONDON        GBR
    Assets:Bank:Monzo:Current Account                 £-0.50
    Expenses:Misc                                     £0.50

2023-04-10 SELECTA U.K. LIMITED   LONDON        GBR
    Assets:Bank:Monzo:Current Account                 £-0.50
    Expenses:Misc                                     £0.50

2023-04-11 MONZO
    Assets:Bank:Monzo:Current Account                 £150.00
    Equity:Transfers                                  £-150.00

2023-04-11 SELECTA U.K. LIMITED   LONDON        GBR
    Assets:Bank:Monzo:Current Account                 £-0.50
    Expenses:Misc                                     £0.50

2023-04-11 SELECTA U.K. LIMITED   LONDON        GBR
    Assets:Bank:Monzo:Current Account                 £-0.50
    Expenses:Misc                                     £0.50

2023-04-11 Selecta U.K. Limited   South Ruislip GBR
    Assets:Bank:Monzo:Current Account                 £-0.25
    Expenses:Misc                                     £0.25

2023-04-11 Selecta U.K. Limited   South Ruislip GBR
    Assets:Bank:Monzo:Current Account                 £-0.80
    Expenses:Misc                                     £0.80

2023-04-11 ASDA SUPERSTORE 04406  HATFIELD      GBR
    Assets:Bank:Monzo:Current Account                 £-3.00
    Expenses:Misc                                     £3.00

2023-04-12 The Maltings Shopping  St Albans     GBR
    Assets:Bank:Monzo:Current Account                 £-2.00
    Expenses:Misc                                     £2.00

2023-04-12 AMZNMktplace           amazon.co.uk  GBR
    Assets:Bank:Monzo:Current Account                 £-17.99
    Expenses:Misc                                     £17.99

2023-04-12 Round up
    Assets:Bank:Monzo:Current Account                 £-0.01
    Assets:Bank:Monzo:Change Pot                      £0.01

2023-04-12 SELECTA U.K. LIMITED   LONDON        GBR
    Assets:Bank:Monzo:Current Account                 £-0.50
    Expenses:Misc                                     £0.50

2023-04-12 SELECTA U.K. LIMITED   LONDON        GBR
    Assets:Bank:Monzo:Current Account                 £-0.50
    Expenses:Misc                                     £0.50

2023-04-13 ASDA SUPERSTORE 04406  HATFIELD      GBR
    Assets:Bank:Monzo:Current Account                 £-2.85
    Expenses:Misc                                     £2.85

2023-04-13 Round up
    Assets:Bank:Monzo:Current Account                 £-0.15
    Assets:Bank:Monzo:Change Pot                      £0.15

2023-04-14 MONZO
    Assets:Bank:Monzo:Current Account                 £150.00
    Equity:Transfers                                  £-150.00

2023-04-14 Sent from Monzo
    Assets:Bank:Monzo:Current Account                 £-100.00
    Equity:Transfers                                  £100.00

2023-04-14 YOURPARKINGSPACE       CANARY WHARF  GBR
    Assets:Bank:Monzo:Current Account                 £-2.50
    Expenses:Misc                                     £2.50

2023-04-14 Round up
    Assets:Bank:Monzo:Current Account                 £-0.50
    Assets:Bank:Monzo:Change Pot                      £0.50

2023-04-15 Microsoft*Microsoft 36 Reading       GBR
    Assets:Bank:Monzo:Current Account                 £-5.99
    Expenses:Misc                                     £5.99

2023-04-15 Round up
    Assets:Bank:Monzo:Current Account                 £-0.01
    Assets:Bank:Monzo:Change Pot                      £0.01

2023-04-15 COSTA COFFEE 43011292  LONDON        GBR
    Assets:Bank:Monzo:Current Account                 £-11.65
    Expenses:Misc                                     £11.65

2023-04-15 Round up
    Assets:Bank:Monzo:Current Account                 £-0.35
    Assets:Bank:Monzo:Change Pot                      £0.35

2023-04-15 IWM LONDON SHOP        LONDON        GBR
    Assets:Bank:Monzo:Current Account                 £-16.00
    Expenses:Misc                                     £16.00

2023-04-15 Zettle_*Donut Cafe     Watforg       GBR
    Assets:Bank:Monzo:Current Account                 £-4.00
    Expenses:Misc                                     £4.00

2023-04-15 UBER   * EATS PENDING  London        GBR
    Assets:Bank:Monzo:Current Account                 £-34.08
    Expenses:Misc                                     £34.08

2023-04-15 Round up
    Assets:Bank:Monzo:Current Account                 £-0.92
    Assets:Bank:Monzo:Change Pot                      £0.92

2023-04-15 UBER   *EATS           London        GBR
    Assets:Bank:Monzo:Current Account                 £-4.00
    Expenses:Misc                                     £4.00

2023-04-16
    Assets:Bank:Monzo:Current Account                 £-100.00
    Expenses:Misc                                     £100.00

2023-04-16 SELECTA U.K. LIMITED   LONDON        GBR
    Assets:Bank:Monzo:Current Account                 £-0.50
    Expenses:Misc                                     £0.50

2023-04-16 SELECTA U.K. LIMITED   LONDON        GBR
    Assets:Bank:Monzo:Current Account                 £-0.50
    Expenses:Misc                                     £0.50

2023-04-17 SELECTA U.K. LIMITED   LONDON        GBR
    Assets:Bank:Monzo:Current Account                 £-0.50
    Expenses:Misc                                     £0.50

2023-04-17 SELECTA U.K. LIMITED   LONDON        GBR
    Assets:Bank:Monzo:Current Account                 £-0.50
    Expenses:Misc                                     £0.50

2023-04-17 SELECTA U.K. LIMITED   LONDON        GBR
    Assets:Bank:Monzo:Current Account                 £-0.50
    Expenses:Misc                                     £0.50

2023-04-18 SELECTA U.K. LIMITED   LONDON        GBR
    Assets:Bank:Monzo:Current Account                 £-0.50
    Expenses:Misc                                     £0.50

2023-04-18 SELECTA U.K. LIMITED   LONDON        GBR
    Assets:Bank:Monzo:Current Account                 £-0.50
    Expenses:Misc                                     £0.50

2023-04-18 SELECTA U.K. LIMITED   LONDON        GBR
    Assets:Bank:Monzo:Current Account                 £-0.50
    Expenses:Misc                                     £0.50

2023-04-18 SELECTA U.K. LIMITED   LONDON        GBR
    Assets:Bank:Monzo:Current Account                 £-0.50
    Expenses:Misc                                     £0.50

2023-04-19 SELECTA U.K. LIMITED   LONDON        GBR
    Assets:Bank:Monzo:Current Account                 £-0.50
    Expenses:Misc                                     £0.50

2023-04-20 Selecta U.K. Limited   South Ruislip GBR
    Assets:Bank:Monzo:Current Account                 £-0.25
    Expenses:Misc                                     £0.25

2023-04-20 Selecta U.K. Limited   South Ruislip GBR
    Assets:Bank:Monzo:Current Account                 £-0.25
    Expenses:Misc                                     £0.25

2023-04-21 MONZO
    Assets:Bank:Monzo:Current Account                 £150.00
    Equity:Transfers                                  £-150.00

2023-04-23
    Assets:Bank:Monzo:Current Account                 £-100.00
    Expenses:Misc                                     £100.00

2023-04-23 Selecta U.K. Limited   South Ruislip GBR
    Assets:Bank:Monzo:Current Account                 £-0.25
    Expenses:Misc                                     £0.25

2023-04-23 Selecta U.K. Limited   South Ruislip GBR
    Assets:Bank:Monzo:Current Account                 £-0.25
    Expenses:Misc                                     £0.25

2023-04-23 Selecta U.K. Limited   South Ruislip GBR
    Assets:Bank:Monzo:Current Account                 £-0.25
    Expenses:Misc                                     £0.25

2023-04-23 Selecta U.K. Limited   South Ruislip GBR
    Assets:Bank:Monzo:Current Account                 £-0.25
    Expenses:Misc                                     £0.25

2023-04-23 giffgaff               London        GBR
    Assets:Bank:Monzo:Current Account                 £-8.00
    Expenses:Misc                                     £8.00

2023-04-25 Selecta U.K. Limited   South Ruislip GBR
    Assets:Bank:Monzo:Current Account                 £-1.55
    Expenses:Misc                                     £1.55

2023-04-25 Round up
    Assets:Bank:Monzo:Current Account                 £-0.45
    Assets:Bank:Monzo:Change Pot                      £0.45

2023-04-26 SELECTA U.K. LIMITED   LONDON        GBR
    Assets:Bank:Monzo:Current Account                 £-0.50
    Expenses:Misc                                     £0.50

2023-04-26 Selecta U.K. Limited   South Ruislip GBR
    Assets:Bank:Monzo:Current Account                 £-0.25
    Expenses:Misc                                     £0.25

2023-04-26 Selecta U.K. Limited   South Ruislip GBR
    Assets:Bank:Monzo:Current Account                 £-0.25
    Expenses:Misc                                     £0.25

2023-04-27 MONZO
    Assets:Bank:Monzo:Current Account                 £150.00
    Equity:Transfers                                  £-150.00

2023-04-27 SELECTA U.K. LIMITED   LONDON        GBR
    Assets:Bank:Monzo:Current Account                 £-0.50
    Expenses:Misc                                     £0.50

2023-04-27 SELECTA U.K. LIMITED   LONDON        GBR
    Assets:Bank:Monzo:Current Account                 £-0.50
    Expenses:Misc                                     £0.50

2023-04-27 Selecta U.K. Limited   South Ruislip GBR
    Assets:Bank:Monzo:Current Account                 £-0.25
    Expenses:Misc                                     £0.25

2023-04-27 Selecta U.K. Limited   South Ruislip GBR
    Assets:Bank:Monzo:Current Account                 £-0.25
    Expenses:Misc                                     £0.25

2023-04-28 SELECTA U.K. LIMITED   LONDON        GBR
    Assets:Bank:Monzo:Current Account                 £-0.50
    Expenses:Misc                                     £0.50

2023-04-28
    Assets:Bank:Monzo:Current Account                 £-100.00
    Expenses:Misc                                     £100.00

2023-04-28 SAINSBURYS - COLNEY PA ST ALBANS     GBR
    Assets:Bank:Monzo:Current Account                 £-1.09
    Expenses:Misc                                     £1.09

2023-04-28 Round up
    Assets:Bank:Monzo:Current Account                 £-0.91
    Assets:Bank:Monzo:Change Pot                      £0.91

2023-04-29 UBER   * PENDING       London        GBR
    Assets:Bank:Monzo:Current Account                 £-0.59
    Expenses:Misc                                     £0.59

2023-04-29 UBER   * EATS PENDING  London        GBR
    Assets:Bank:Monzo:Current Account                 £-20.49
    Expenses:Misc                                     £20.49

2023-04-29 Round up
    Assets:Bank:Monzo:Current Account                 £-0.51
    Assets:Bank:Monzo:Change Pot                      £0.51

2023-04-29 UBER   *EATS           London        GBR
    Assets:Bank:Monzo:Current Account                 £-3.11
    Expenses:Misc                                     £3.11

2023-04-29 Round up
    Assets:Bank:Monzo:Current Account                 £-0.89
    Assets:Bank:Monzo:Change Pot                      £0.89

2023-04-30 Selecta U.K. Limited   South Ruislip GBR
    Assets:Bank:Monzo:Current Account                 £-0.80
    Expenses:Misc                                     £0.80

2023-05-01 Selecta U.K. Limited   South Ruislip GBR
    Assets:Bank:Monzo:Current Account                 £-0.25
    Expenses:Misc                                     £0.25

2023-05-01 Selecta U.K. Limited   South Ruislip GBR
    Assets:Bank:Monzo:Current Account                 £-0.25
    Expenses:Misc                                     £0.25

2023-05-02 SELECTA U.K. LIMITED   LONDON        GBR
    Assets:Bank:Monzo:Current Account                 £-0.50
    Expenses:Misc                                     £0.50

2023-05-02 SELECTA U.K. LIMITED   LONDON        GBR
    Assets:Bank:Monzo:Current Account                 £-0.50
    Expenses:Misc                                     £0.50

2023-05-03 SELECTA U.K. LIMITED   LONDON        GBR
    Assets:Bank:Monzo:Current Account                 £-0.50
    Expenses:Misc                                     £0.50

2023-05-04 MONZO
    Assets:Bank:Monzo:Current Account                 £150.00
    Equity:Transfers                                  £-150.00

2023-05-04 SELECTA U.K. LIMITED   LONDON        GBR
    Assets:Bank:Monzo:Current Account                 £-0.50
    Expenses:Misc                                     £0.50

2023-05-05
    Assets:Bank:Monzo:Current Account                 £-100.00
    Expenses:Misc                                     £100.00

2023-05-05 JOHN LEWIS DCC         LONDON        GBR
    Assets:Bank:Monzo:Current Account                 £-15.00
    Expenses:Misc                                     £15.00

2023-05-05 TESCO PFS 2456         EDGWARE       GBR
    Assets:Bank:Monzo:Current Account                 £-3.00
    Expenses:Misc                                     £3.00

2023-05-07 UBER   * PENDING       London        GBR
    Assets:Bank:Monzo:Current Account                 £0.59
    Expenses:Misc                                     £-0.59

2023-05-07 SAINSBURYS             POTTERS BAR   GBR
    Assets:Bank:Monzo:Current Account                 £-20.00
    Expenses:Misc                                     £20.00

2023-05-07 ARGOS POTTERS BAR(INSI POTTERS BAR   GBR
    Assets:Bank:Monzo:Current Account                 £-12.99
    Expenses:Misc                                     £12.99

2023-05-07 Round up
    Assets:Bank:Monzo:Current Account                 £-0.01
    Assets:Bank:Monzo:Change Pot                      £0.01

2023-05-07 COSTA COFFEE - POTTERS POTTERS BAR   GBR
    Assets:Bank:Monzo:Current Account                 £-3.35
    Expenses:Misc                                     £3.35

2023-05-07 Round up
    Assets:Bank:Monzo:Current Account                 £-0.65
    Assets:Bank:Monzo:Change Pot                      £0.65

2023-05-07 GOOGLE *YouTubePremium 650-253-0000  GBR
    Assets:Bank:Monzo:Current Account                 £-11.99
    Expenses:Entertainment:Youtube Premium                                     £11.99

2023-05-07 Round up
    Assets:Bank:Monzo:Current Account                 £-0.01
    Assets:Bank:Monzo:Change Pot                      £0.01

2023-05-07 SELECTA U.K. LIMITED   LONDON        GBR
    Assets:Bank:Monzo:Current Account                 £-0.50
    Expenses:Misc                                     £0.50

2023-05-07 SELECTA U.K. LIMITED   LONDON        GBR
    Assets:Bank:Monzo:Current Account                 £-0.50
    Expenses:Misc                                     £0.50

2023-05-07 SELECTA U.K. LIMITED   LONDON        GBR
    Assets:Bank:Monzo:Current Account                 £-0.50
    Expenses:Misc                                     £0.50

2023-05-08 SELECTA U.K. LIMITED   LONDON        GBR
    Assets:Bank:Monzo:Current Account                 £-0.50
    Expenses:Misc                                     £0.50

2023-05-08 SELECTA U.K. LIMITED   LONDON        GBR
    Assets:Bank:Monzo:Current Account                 £-0.50
    Expenses:Misc                                     £0.50

2023-05-08 SELECTA U.K. LIMITED   LONDON        GBR
    Assets:Bank:Monzo:Current Account                 £-0.50
    Expenses:Misc                                     £0.50

2023-05-09 SELECTA U.K. LIMITED   LONDON        GBR
    Assets:Bank:Monzo:Current Account                 £-0.50
    Expenses:Misc                                     £0.50

2023-05-10 COSTA COFFEE 43010455  ST. ALBANS    GBR
    Assets:Bank:Monzo:Current Account                 £-3.35
    Expenses:Misc                                     £3.35

2023-05-10 Round up
    Assets:Bank:Monzo:Current Account                 £-0.65
    Assets:Bank:Monzo:Change Pot                      £0.65

2023-05-10 The Maltings Shopping  St Albans     GBR
    Assets:Bank:Monzo:Current Account                 £-2.00
    Expenses:Misc                                     £2.00

2023-05-10 SELECTA U.K. LIMITED   LONDON        GBR
    Assets:Bank:Monzo:Current Account                 £-0.50
    Expenses:Misc                                     £0.50

2023-05-10 SELECTA U.K. LIMITED   LONDON        GBR
    Assets:Bank:Monzo:Current Account                 £-0.50
    Expenses:Misc                                     £0.50

2023-05-10 SELECTA U.K. LIMITED   LONDON        GBR
    Assets:Bank:Monzo:Current Account                 £-0.50
    Expenses:Misc                                     £0.50

2023-05-10 SELECTA U.K. LIMITED   LONDON        GBR
    Assets:Bank:Monzo:Current Account                 £-0.50
    Expenses:Misc                                     £0.50

2023-05-11 MONZO
    Assets:Bank:Monzo:Current Account                 £150.00
    Equity:Transfers                                  £-150.00

2023-05-11
    Assets:Bank:Monzo:Current Account                 £600.00
    Expenses:Misc                                     £-600.00

2023-05-11 Sent from Monzo
    Assets:Bank:Monzo:Current Account                 £-600.00
    Equity:Transfers                                  £600.00

2023-05-11 SELECTA U.K. LIMITED   LONDON        GBR
    Assets:Bank:Monzo:Current Account                 £-0.50
    Expenses:Misc                                     £0.50

2023-05-12
    Assets:Bank:Monzo:Current Account                 £-100.00
    Expenses:Misc                                     £100.00

2023-05-13 SAINSBURYS             POTTERS BAR   GBR
    Assets:Bank:Monzo:Current Account                 £-12.59
    Expenses:Misc                                     £12.59

2023-05-13 Round up
    Assets:Bank:Monzo:Current Account                 £-0.41
    Assets:Bank:Monzo:Change Pot                      £0.41

2023-05-15 Microsoft*Microsoft 36 Reading       GBR
    Assets:Bank:Monzo:Current Account                 £-5.99
    Expenses:Misc                                     £5.99

2023-05-15 Round up
    Assets:Bank:Monzo:Current Account                 £-0.01
    Assets:Bank:Monzo:Change Pot                      £0.01

2023-05-15 SELECTA U.K. LIMITED   LONDON        GBR
    Assets:Bank:Monzo:Current Account                 £-0.50
    Expenses:Misc                                     £0.50

2023-05-15 SELECTA U.K. LIMITED   LONDON        GBR
    Assets:Bank:Monzo:Current Account                 £-0.50
    Expenses:Misc                                     £0.50

2023-05-16 SELECTA U.K. LIMITED   LONDON        GBR
    Assets:Bank:Monzo:Current Account                 £-0.50
    Expenses:Misc                                     £0.50

2023-05-16 Selecta U.K. Limited   South Ruislip GBR
    Assets:Bank:Monzo:Current Account                 £-1.70
    Expenses:Misc                                     £1.70

2023-05-16 Round up
    Assets:Bank:Monzo:Current Account                 £-0.30
    Assets:Bank:Monzo:Change Pot                      £0.30

2023-05-16 WELCOME B/WHS          NEWPORT PAGNE GBR
    Assets:Bank:Monzo:Current Account                 £-3.50
    Expenses:Misc                                     £3.50

2023-05-16 Round up
    Assets:Bank:Monzo:Current Account                 £-0.50
    Assets:Bank:Monzo:Change Pot                      £0.50

2023-05-17 SELECTA U.K. LIMITED   LONDON        GBR
    Assets:Bank:Monzo:Current Account                 £-0.50
    Expenses:Misc                                     £0.50

2023-05-17 SELECTA U.K. LIMITED   LONDON        GBR
    Assets:Bank:Monzo:Current Account                 £-0.50
    Expenses:Misc                                     £0.50

2023-05-18 MONZO
    Assets:Bank:Monzo:Current Account                 £150.00
    Equity:Transfers                                  £-150.00

2023-05-18 SELECTA U.K. LIMITED   LONDON        GBR
    Assets:Bank:Monzo:Current Account                 £-0.50
    Expenses:Misc                                     £0.50

2023-05-18 SELECTA U.K. LIMITED   LONDON        GBR
    Assets:Bank:Monzo:Current Account                 £-0.50
    Expenses:Misc                                     £0.50

2023-05-18 SELECTA U.K. LIMITED   LONDON        GBR
    Assets:Bank:Monzo:Current Account                 £-0.50
    Expenses:Misc                                     £0.50

2023-05-18 APPLE.COM/BILL         APPLE.COM/BIL IRL
    Assets:Bank:Monzo:Current Account                 £-1.99
    Expenses:Misc                                     £1.99

2023-05-18 Round up
    Assets:Bank:Monzo:Current Account                 £-0.01
    Assets:Bank:Monzo:Change Pot                      £0.01

2023-05-19
    Assets:Bank:Monzo:Current Account                 £-100.00
    Expenses:Misc                                     £100.00

2023-05-21 SELECTA U.K. LIMITED   LONDON        GBR
    Assets:Bank:Monzo:Current Account                 £-0.50
    Expenses:Misc                                     £0.50

2023-05-21 AMZNMKTPLACE AMAZON.CO LONDON        GBR
    Assets:Bank:Monzo:Current Account                 £-15.89
    Expenses:Misc                                     £15.89

2023-05-21 Round up
    Assets:Bank:Monzo:Current Account                 £-0.11
    Assets:Bank:Monzo:Change Pot                      £0.11

2023-05-21 SELECTA U.K. LIMITED   LONDON        GBR
    Assets:Bank:Monzo:Current Account                 £-0.50
    Expenses:Misc                                     £0.50

2023-05-22 SELECTA U.K. LIMITED   LONDON        GBR
    Assets:Bank:Monzo:Current Account                 £-0.50
    Expenses:Misc                                     £0.50

2023-05-22 Selecta U.K. Limited   South Ruislip GBR
    Assets:Bank:Monzo:Current Account                 £-1.55
    Expenses:Misc                                     £1.55

2023-05-22 Round up
    Assets:Bank:Monzo:Current Account                 £-0.45
    Assets:Bank:Monzo:Change Pot                      £0.45

2023-05-23 SELECTA U.K. LIMITED   LONDON        GBR
    Assets:Bank:Monzo:Current Account                 £-0.50
    Expenses:Misc                                     £0.50

2023-05-23 SELECTA U.K. LIMITED   LONDON        GBR
    Assets:Bank:Monzo:Current Account                 £-0.50
    Expenses:Misc                                     £0.50

2023-05-23 giffgaff               London        GBR
    Assets:Bank:Monzo:Current Account                 £-8.00
    Expenses:Misc                                     £8.00

2023-05-23 Selecta U.K. Limited   South Ruislip GBR
    Assets:Bank:Monzo:Current Account                 £-1.55
    Expenses:Misc                                     £1.55

2023-05-23 Round up
    Assets:Bank:Monzo:Current Account                 £-0.45
    Assets:Bank:Monzo:Change Pot                      £0.45

2023-05-24 COSTA COFFEE 43010455  ST. ALBANS    GBR
    Assets:Bank:Monzo:Current Account                 £-3.35
    Expenses:Misc                                     £3.35

2023-05-24 Round up
    Assets:Bank:Monzo:Current Account                 £-0.65
    Assets:Bank:Monzo:Change Pot                      £0.65

2023-05-24 The Maltings Shopping  St Albans     GBR
    Assets:Bank:Monzo:Current Account                 £-2.00
    Expenses:Misc                                     £2.00

2023-05-24 HARRIS AND HOOLE  HATF HATFIELD      GBR
    Assets:Bank:Monzo:Current Account                 £-3.95
    Expenses:Misc                                     £3.95

2023-05-24 Round up
    Assets:Bank:Monzo:Current Account                 £-0.05
    Assets:Bank:Monzo:Change Pot                      £0.05

2023-05-24 SELECTA U.K. LIMITED   LONDON        GBR
    Assets:Bank:Monzo:Current Account                 £-0.50
    Expenses:Misc                                     £0.50

2023-05-24 SELECTA U.K. LIMITED   LONDON        GBR
    Assets:Bank:Monzo:Current Account                 £-0.50
    Expenses:Misc                                     £0.50

2023-05-25 MONZO
    Assets:Bank:Monzo:Current Account                 £150.00
    Equity:Transfers                                  £-150.00

2023-05-25 SELECTA U.K. LIMITED   LONDON        GBR
    Assets:Bank:Monzo:Current Account                 £-0.50
    Expenses:Misc                                     £0.50

2023-05-25 Selecta U.K. Limited   South Ruislip GBR
    Assets:Bank:Monzo:Current Account                 £-0.25
    Expenses:Misc                                     £0.25

2023-05-25 SELECTA U.K. LIMITED   LONDON        GBR
    Assets:Bank:Monzo:Current Account                 £-0.50
    Expenses:Misc                                     £0.50

2023-05-26
    Assets:Bank:Monzo:Current Account                 £-100.00
    Expenses:Misc                                     £100.00

2023-05-27 SAINSBURYS - COLNEY PA ST ALBANS     GBR
    Assets:Bank:Monzo:Current Account                 £-7.90
    Expenses:Misc                                     £7.90

2023-05-27 Round up
    Assets:Bank:Monzo:Current Account                 £-0.10
    Assets:Bank:Monzo:Change Pot                      £0.10

2023-05-28 Evolution Vaping       Sutton Coldfi GBR
    Assets:Bank:Monzo:Current Account                 £-27.78
    Expenses:Misc                                     £27.78

2023-05-28 Round up
    Assets:Bank:Monzo:Current Account                 £-0.22
    Assets:Bank:Monzo:Change Pot                      £0.22

2023-05-28 SELECTA U.K. LIMITED   LONDON        GBR
    Assets:Bank:Monzo:Current Account                 £-0.50
    Expenses:Misc                                     £0.50

2023-05-28 SELECTA U.K. LIMITED   LONDON        GBR
    Assets:Bank:Monzo:Current Account                 £-0.50
    Expenses:Misc                                     £0.50

2023-05-29 SELECTA U.K. LIMITED   LONDON        GBR
    Assets:Bank:Monzo:Current Account                 £-0.50
    Expenses:Misc                                     £0.50

2023-05-29 Selecta U.K. Limited   South Ruislip GBR
    Assets:Bank:Monzo:Current Account                 £-0.25
    Expenses:Misc                                     £0.25

2023-05-29 SELECTA U.K. LIMITED   LONDON        GBR
    Assets:Bank:Monzo:Current Account                 £-0.50
    Expenses:Misc                                     £0.50

2023-05-30 SELECTA U.K. LIMITED   LONDON        GBR
    Assets:Bank:Monzo:Current Account                 £-0.50
    Expenses:Misc                                     £0.50

2023-05-30 SELECTA U.K. LIMITED   LONDON        GBR
    Assets:Bank:Monzo:Current Account                 £-0.50
    Expenses:Misc                                     £0.50

2023-05-30 SELECTA U.K. LIMITED   LONDON        GBR
    Assets:Bank:Monzo:Current Account                 £-0.50
    Expenses:Misc                                     £0.50

2023-05-30 SELECTA U.K. LIMITED   LONDON        GBR
    Assets:Bank:Monzo:Current Account                 £-0.50
    Expenses:Misc                                     £0.50

2023-05-31 SELECTA U.K. LIMITED   LONDON        GBR
    Assets:Bank:Monzo:Current Account                 £-0.50
    Expenses:Misc                                     £0.50

2023-05-31 SELECTA U.K. LIMITED   LONDON        GBR
    Assets:Bank:Monzo:Current Account                 £-0.50
    Expenses:Misc                                     £0.50

2023-05-31 Selecta U.K. Limited   South Ruislip GBR
    Assets:Bank:Monzo:Current Account                 £-1.55
    Expenses:Misc                                     £1.55

2023-05-31 Round up
    Assets:Bank:Monzo:Current Account                 £-0.45
    Assets:Bank:Monzo:Change Pot                      £0.45

2023-05-31 SELECTA U.K. LIMITED   LONDON        GBR
    Assets:Bank:Monzo:Current Account                 £-0.50
    Expenses:Misc                                     £0.50

2023-06-01 MONZO
    Assets:Bank:Monzo:Current Account                 £150.00
    Equity:Transfers                                  £-150.00

2023-06-01
    Assets:Bank:Monzo:Current Account                 £-100.00
    Expenses:Misc                                     £100.00

2023-06-01 SELECTA U.K. LIMITED   LONDON        GBR
    Assets:Bank:Monzo:Current Account                 £-0.50
    Expenses:Misc                                     £0.50

2023-06-01 Selecta U.K. Limited   South Ruislip GBR
    Assets:Bank:Monzo:Current Account                 £-1.55
    Expenses:Misc                                     £1.55

2023-06-01 Round up
    Assets:Bank:Monzo:Current Account                 £-0.45
    Assets:Bank:Monzo:Change Pot                      £0.45

2023-06-01 SELECTA U.K. LIMITED   LONDON        GBR
    Assets:Bank:Monzo:Current Account                 £-0.50
    Expenses:Misc                                     £0.50

2023-06-01 SELECTA U.K. LIMITED   LONDON        GBR
    Assets:Bank:Monzo:Current Account                 £-0.50
    Expenses:Misc                                     £0.50

2023-06-02 SELECTA U.K. LIMITED   LONDON        GBR
    Assets:Bank:Monzo:Current Account                 £-0.50
    Expenses:Misc                                     £0.50

2023-06-02
    Assets:Bank:Monzo:Current Account                 £502.36
    Expenses:Misc                                     £-502.36

2023-06-02
    Assets:Bank:Monzo:Current Account                 £-500.00
    Expenses:Misc                                     £500.00

2023-06-03
    Assets:Bank:Monzo:Current Account                 £-0.86
    Assets:Bank:Monzo:Change Pot                      £0.86

2023-06-04 SELECTA U.K. LIMITED   LONDON        GBR
    Assets:Bank:Monzo:Current Account                 £-0.50
    Expenses:Misc                                     £0.50

2023-06-04 WOOLWAREHOUSE.CO.UK    +441926882818 GBR
    Assets:Bank:Monzo:Current Account                 £-13.45
    Expenses:Misc                                     £13.45

2023-06-04 Round up
    Assets:Bank:Monzo:Current Account                 £-0.55
    Assets:Bank:Monzo:Change Pot                      £0.55

2023-06-04 SELECTA U.K. LIMITED   LONDON        GBR
    Assets:Bank:Monzo:Current Account                 £-0.50
    Expenses:Misc                                     £0.50

2023-06-05 AMAZON UK RETAIL       WWW.AMAZON.CO LUX
    Assets:Bank:Monzo:Current Account                 £-8.50
    Expenses:Misc                                     £8.50

2023-06-05 Round up
    Assets:Bank:Monzo:Current Account                 £-0.50
    Assets:Bank:Monzo:Change Pot                      £0.50

2023-06-05 SELECTA U.K. LIMITED   LONDON        GBR
    Assets:Bank:Monzo:Current Account                 £-0.50
    Expenses:Misc                                     £0.50

2023-06-05 SELECTA U.K. LIMITED   LONDON        GBR
    Assets:Bank:Monzo:Current Account                 £-0.50
    Expenses:Misc                                     £0.50

2023-06-05 SELECTA U.K. LIMITED   LONDON        GBR
    Assets:Bank:Monzo:Current Account                 £-0.50
    Expenses:Misc                                     £0.50

2023-06-05 SELECTA U.K. LIMITED   LONDON        GBR
    Assets:Bank:Monzo:Current Account                 £-0.50
    Expenses:Misc                                     £0.50

2023-06-05
    Assets:Bank:Monzo:Current Account                 £-14.00
    Expenses:Misc                                     £14.00

2023-06-06 SELECTA U.K. LIMITED   LONDON        GBR
    Assets:Bank:Monzo:Current Account                 £-0.50
    Expenses:Misc                                     £0.50

2023-06-06 SELECTA U.K. LIMITED   LONDON        GBR
    Assets:Bank:Monzo:Current Account                 £-0.50
    Expenses:Misc                                     £0.50

2023-06-07 GOOGLE *YouTubePremium 650-253-0000  GBR
    Assets:Bank:Monzo:Current Account                 £-11.99
    Expenses:Entertainment:Youtube Premium                                     £11.99

2023-06-07 Round up
    Assets:Bank:Monzo:Current Account                 £-0.01
    Assets:Bank:Monzo:Change Pot                      £0.01

2023-06-07 SELECTA U.K. LIMITED   LONDON        GBR
    Assets:Bank:Monzo:Current Account                 £-0.50
    Expenses:Misc                                     £0.50

2023-06-07 SELECTA U.K. LIMITED   LONDON        GBR
    Assets:Bank:Monzo:Current Account                 £-0.50
    Expenses:Misc                                     £0.50

2023-06-08 MONZO
    Assets:Bank:Monzo:Current Account                 £150.00
    Equity:Transfers                                  £-150.00

2023-06-08
    Assets:Bank:Monzo:Current Account                 £-100.00
    Expenses:Misc                                     £100.00

2023-06-08 SELECTA U.K. LIMITED   LONDON        GBR
    Assets:Bank:Monzo:Current Account                 £-0.50
    Expenses:Misc                                     £0.50

2023-06-08 SELECTA U.K. LIMITED   LONDON        GBR
    Assets:Bank:Monzo:Current Account                 £-0.50
    Expenses:Misc                                     £0.50

2023-06-08 SELECTA U.K. LIMITED   LONDON        GBR
    Assets:Bank:Monzo:Current Account                 £-0.50
    Expenses:Misc                                     £0.50

2023-06-08 BP STH MIMMS TRUCKSTOP SOUTH MIMMS H GBR
    Assets:Bank:Monzo:Current Account                 £-7.75
    Expenses:Misc                                     £7.75

2023-06-08 Round up
    Assets:Bank:Monzo:Current Account                 £-0.25
    Assets:Bank:Monzo:Change Pot                      £0.25

2023-06-09
    Assets:Bank:Monzo:Current Account                 £-25.00
    Expenses:Misc                                     £25.00

2023-06-09 YOURPARKINGSPACE.CO.UK +442086291057 GBR
    Assets:Bank:Monzo:Current Account                 £-2.25
    Expenses:Misc                                     £2.25

2023-06-09 Round up
    Assets:Bank:Monzo:Current Account                 £-0.75
    Assets:Bank:Monzo:Change Pot                      £0.75

2023-06-10 SAINSBURYS - COLNEY PA ST ALBANS     GBR
    Assets:Bank:Monzo:Current Account                 £-2.58
    Expenses:Misc                                     £2.58

2023-06-10 Round up
    Assets:Bank:Monzo:Current Account                 £-0.42
    Assets:Bank:Monzo:Change Pot                      £0.42

2023-06-11 SELECTA U.K. LIMITED   LONDON        GBR
    Assets:Bank:Monzo:Current Account                 £-0.50
    Expenses:Misc                                     £0.50

2023-06-11 SELECTA U.K. LIMITED   LONDON        GBR
    Assets:Bank:Monzo:Current Account                 £-0.50
    Expenses:Misc                                     £0.50

2023-06-11 SELECTA U.K. LIMITED   LONDON        GBR
    Assets:Bank:Monzo:Current Account                 £-0.50
    Expenses:Misc                                     £0.50

2023-06-12 BP STH MIMMS TRUCKSTOP SOUTH MIMMS H GBR
    Assets:Bank:Monzo:Current Account                 £-3.25
    Expenses:Misc                                     £3.25

2023-06-12 Round up
    Assets:Bank:Monzo:Current Account                 £-0.75
    Assets:Bank:Monzo:Change Pot                      £0.75

2023-06-12 SELECTA U.K. LIMITED   LONDON        GBR
    Assets:Bank:Monzo:Current Account                 £-0.50
    Expenses:Misc                                     £0.50

2023-06-12 Selecta U.K. Limited   South Ruislip GBR
    Assets:Bank:Monzo:Current Account                 £-1.55
    Expenses:Misc                                     £1.55

2023-06-12 Round up
    Assets:Bank:Monzo:Current Account                 £-0.45
    Assets:Bank:Monzo:Change Pot                      £0.45

2023-06-12 SELECTA U.K. LIMITED   LONDON        GBR
    Assets:Bank:Monzo:Current Account                 £-0.50
    Expenses:Misc                                     £0.50

2023-06-12 SELECTA U.K. LIMITED   LONDON        GBR
    Assets:Bank:Monzo:Current Account                 £-0.50
    Expenses:Misc                                     £0.50

2023-06-13 AMZNMktplace           amazon.co.uk  GBR
    Assets:Bank:Monzo:Current Account                 £-15.75
    Expenses:Misc                                     £15.75

2023-06-13 Round up
    Assets:Bank:Monzo:Current Account                 £-0.25
    Assets:Bank:Monzo:Change Pot                      £0.25

2023-06-13 SELECTA U.K. LIMITED   LONDON        GBR
    Assets:Bank:Monzo:Current Account                 £-0.50
    Expenses:Misc                                     £0.50

2023-06-14 SELECTA U.K. LIMITED   LONDON        GBR
    Assets:Bank:Monzo:Current Account                 £-0.50
    Expenses:Misc                                     £0.50

2023-06-14 SELECTA U.K. LIMITED   LONDON        GBR
    Assets:Bank:Monzo:Current Account                 £-0.50
    Expenses:Misc                                     £0.50

2023-06-15 MONZO
    Assets:Bank:Monzo:Current Account                 £150.00
    Equity:Transfers                                  £-150.00

2023-06-15 MICROSOFT*MICROSOFT 36 MSBILL.INFO   GBR
    Assets:Bank:Monzo:Current Account                 £-5.99
    Expenses:Misc                                     £5.99

2023-06-15 Round up
    Assets:Bank:Monzo:Current Account                 £-0.01
    Assets:Bank:Monzo:Change Pot                      £0.01

2023-06-15
    Assets:Bank:Monzo:Current Account                 £-100.00
    Expenses:Misc                                     £100.00

2023-06-15 SELECTA U.K. LIMITED   LONDON        GBR
    Assets:Bank:Monzo:Current Account                 £-0.50
    Expenses:Misc                                     £0.50

2023-06-15 SELECTA U.K. LIMITED   LONDON        GBR
    Assets:Bank:Monzo:Current Account                 £-0.50
    Expenses:Misc                                     £0.50

2023-06-15 Selecta U.K. Limited   South Ruislip GBR
    Assets:Bank:Monzo:Current Account                 £-0.25
    Expenses:Misc                                     £0.25

2023-06-15 BP STH MIMMS TRUCKSTOP SOUTH MIMMS H GBR
    Assets:Bank:Monzo:Current Account                 £-6.50
    Expenses:Misc                                     £6.50

2023-06-15 Round up
    Assets:Bank:Monzo:Current Account                 £-0.50
    Assets:Bank:Monzo:Change Pot                      £0.50

2023-06-16
    Assets:Bank:Monzo:Current Account                 £-25.00
    Expenses:Misc                                     £25.00

2023-06-17 FLY.IO                 +13126264490  USA
    Assets:Bank:Monzo:Current Account                 £0.00
    Expenses:Misc                                     £0.00

2023-06-18 SELECTA U.K. LIMITED   LONDON        GBR
    Assets:Bank:Monzo:Current Account                 £-0.50
    Expenses:Misc                                     £0.50

2023-06-18 SELECTA U.K. LIMITED   LONDON        GBR
    Assets:Bank:Monzo:Current Account                 £-0.50
    Expenses:Misc                                     £0.50

2023-06-19 SELECTA U.K. LIMITED   LONDON        GBR
    Assets:Bank:Monzo:Current Account                 £-0.50
    Expenses:Misc                                     £0.50

2023-06-19 SELECTA U.K. LIMITED   LONDON        GBR
    Assets:Bank:Monzo:Current Account                 £-0.50
    Expenses:Misc                                     £0.50

2023-06-20 SELECTA U.K. LIMITED   LONDON        GBR
    Assets:Bank:Monzo:Current Account                 £-0.50
    Expenses:Misc                                     £0.50

2023-06-20 SELECTA U.K. LIMITED   LONDON        GBR
    Assets:Bank:Monzo:Current Account                 £-0.50
    Expenses:Misc                                     £0.50

2023-06-20 SELECTA U.K. LIMITED   LONDON        GBR
    Assets:Bank:Monzo:Current Account                 £-0.50
    Expenses:Misc                                     £0.50

2023-06-20 Darkstar International York          GBR
    Assets:Bank:Monzo:Current Account                 £-40.84
    Expenses:Misc                                     £40.84

2023-06-20 Round up
    Assets:Bank:Monzo:Current Account                 £-0.16
    Assets:Bank:Monzo:Change Pot                      £0.16

2023-06-20 SELECTA U.K. LIMITED   LONDON        GBR
    Assets:Bank:Monzo:Current Account                 £-0.50
    Expenses:Misc                                     £0.50

2023-06-21 The Maltings Shopping  St Albans     GBR
    Assets:Bank:Monzo:Current Account                 £-2.00
    Expenses:Misc                                     £2.00

2023-06-21 W M MORRISON PETROL    ST ALBANS     GBR
    Assets:Bank:Monzo:Current Account                 £-3.00
    Expenses:Misc                                     £3.00

2023-06-21 SELECTA U.K. LIMITED   LONDON        GBR
    Assets:Bank:Monzo:Current Account                 £-0.50
    Expenses:Misc                                     £0.50

2023-06-21 Selecta U.K. Limited   South Ruislip GBR
    Assets:Bank:Monzo:Current Account                 £-0.25
    Expenses:Misc                                     £0.25

2023-06-22 MONZO
    Assets:Bank:Monzo:Current Account                 £150.00
    Equity:Transfers                                  £-150.00

2023-06-22 SELECTA U.K. LIMITED   LONDON        GBR
    Assets:Bank:Monzo:Current Account                 £-0.50
    Expenses:Misc                                     £0.50

2023-06-22 SELECTA U.K. LIMITED   LONDON        GBR
    Assets:Bank:Monzo:Current Account                 £-0.50
    Expenses:Misc                                     £0.50

2023-06-22 SELECTA U.K. LIMITED   LONDON        GBR
    Assets:Bank:Monzo:Current Account                 £-0.50
    Expenses:Misc                                     £0.50

2023-06-22 SELECTA U.K. LIMITED   LONDON        GBR
    Assets:Bank:Monzo:Current Account                 £-0.50
    Expenses:Misc                                     £0.50

2023-06-22
    Assets:Bank:Monzo:Current Account                 £-100.00
    Expenses:Misc                                     £100.00

2023-06-23
    Assets:Bank:Monzo:Current Account                 £-25.00
    Expenses:Misc                                     £25.00

2023-06-23 SELECTA U.K. LIMITED   LONDON        GBR
    Assets:Bank:Monzo:Current Account                 £-0.50
    Expenses:Misc                                     £0.50

2023-06-23 STARBUCKS COFFEE       LIPHOOK       GBR
    Assets:Bank:Monzo:Current Account                 £-5.20
    Expenses:Misc                                     £5.20

2023-06-23 Round up
    Assets:Bank:Monzo:Current Account                 £-0.80
    Assets:Bank:Monzo:Change Pot                      £0.80

2023-06-23 giffgaff               London        GBR
    Assets:Bank:Monzo:Current Account                 £-10.00
    Expenses:Misc                                     £10.00

2023-06-23 BP STH MIMMS TRUCKSTOP SOUTH MIMMS H GBR
    Assets:Bank:Monzo:Current Account                 £-3.50
    Expenses:Misc                                     £3.50

2023-06-23 Round up
    Assets:Bank:Monzo:Current Account                 £-0.50
    Assets:Bank:Monzo:Change Pot                      £0.50

2023-06-24 SAINSBURYS - COLNEY PA ST ALBANS     GBR
    Assets:Bank:Monzo:Current Account                 £-4.89
    Expenses:Misc                                     £4.89

2023-06-24 Round up
    Assets:Bank:Monzo:Current Account                 £-0.11
    Assets:Bank:Monzo:Change Pot                      £0.11

2023-06-25 Selecta U.K. Limited   South Ruislip GBR
    Assets:Bank:Monzo:Current Account                 £-0.25
    Expenses:Misc                                     £0.25

2023-06-25 Selecta U.K. Limited   South Ruislip GBR
    Assets:Bank:Monzo:Current Account                 £-0.25
    Expenses:Misc                                     £0.25

2023-06-26 MONZO
    Assets:Bank:Monzo:Current Account                 £50.00
    Equity:Transfers                                  £-50.00

2023-06-26 AMAZON EU              AMAZON.CO.UK  GBR
    Assets:Bank:Monzo:Current Account                 £0.00
    Expenses:Misc                                     £0.00

2023-06-26 AMZNMKTPLACE AMAZON.CO LONDON        GBR
    Assets:Bank:Monzo:Current Account                 £-30.96
    Expenses:Misc                                     £30.96

2023-06-26 Round up
    Assets:Bank:Monzo:Current Account                 £-0.04
    Assets:Bank:Monzo:Change Pot                      £0.04

2023-06-26 SELECTA U.K. LIMITED   LONDON        GBR
    Assets:Bank:Monzo:Current Account                 £-0.50
    Expenses:Misc                                     £0.50

2023-06-26 Selecta U.K. Limited   South Ruislip GBR
    Assets:Bank:Monzo:Current Account                 £-1.60
    Expenses:Misc                                     £1.60

2023-06-26 Round up
    Assets:Bank:Monzo:Current Account                 £-0.40
    Assets:Bank:Monzo:Change Pot                      £0.40

2023-06-26 Selecta U.K. Limited   South Ruislip GBR
    Assets:Bank:Monzo:Current Account                 £-0.80
    Expenses:Misc                                     £0.80

2023-06-27 SELECTA U.K. LIMITED   LONDON        GBR
    Assets:Bank:Monzo:Current Account                 £-0.50
    Expenses:Misc                                     £0.50

2023-06-27 SELECTA U.K. LIMITED   LONDON        GBR
    Assets:Bank:Monzo:Current Account                 £-0.50
    Expenses:Misc                                     £0.50

2023-06-27 SELECTA U.K. LIMITED   LONDON        GBR
    Assets:Bank:Monzo:Current Account                 £-0.50
    Expenses:Misc                                     £0.50

2023-06-27 SELECTA U.K. LIMITED   LONDON        GBR
    Assets:Bank:Monzo:Current Account                 £-0.50
    Expenses:Misc                                     £0.50

2023-06-27 SELECTA U.K. LIMITED   LONDON        GBR
    Assets:Bank:Monzo:Current Account                 £-0.50
    Expenses:Misc                                     £0.50

2023-06-27 SELECTA U.K. LIMITED   LONDON        GBR
    Assets:Bank:Monzo:Current Account                 £-0.50
    Expenses:Misc                                     £0.50

2023-06-28 SELECTA U.K. LIMITED   LONDON        GBR
    Assets:Bank:Monzo:Current Account                 £-0.50
    Expenses:Misc                                     £0.50

2023-06-28 SELECTA U.K. LIMITED   LONDON        GBR
    Assets:Bank:Monzo:Current Account                 £-0.50
    Expenses:Misc                                     £0.50

2023-06-29 MONZO
    Assets:Bank:Monzo:Current Account                 £150.00
    Equity:Transfers                                  £-150.00

2023-06-29 SELECTA U.K. LIMITED   LONDON        GBR
    Assets:Bank:Monzo:Current Account                 £-0.50
    Expenses:Misc                                     £0.50

2023-06-29 SELECTA U.K. LIMITED   LONDON        GBR
    Assets:Bank:Monzo:Current Account                 £-0.50
    Expenses:Misc                                     £0.50

2023-06-29 Selecta U.K. Limited   South Ruislip GBR
    Assets:Bank:Monzo:Current Account                 £-0.25
    Expenses:Misc                                     £0.25

2023-06-29 Selecta U.K. Limited   South Ruislip GBR
    Assets:Bank:Monzo:Current Account                 £-0.25
    Expenses:Misc                                     £0.25

2023-06-29 SELECTA U.K. LIMITED   LONDON        GBR
    Assets:Bank:Monzo:Current Account                 £-0.50
    Expenses:Misc                                     £0.50

2023-06-29 SELECTA U.K. LIMITED   LONDON        GBR
    Assets:Bank:Monzo:Current Account                 £-0.50
    Expenses:Misc                                     £0.50

2023-06-30
    Assets:Bank:Monzo:Current Account                 £-25.00
    Expenses:Misc                                     £25.00

2023-06-30 CO-OP GROUP FOOD RETAI POTTERS BAR   GBR
    Assets:Bank:Monzo:Current Account                 £-4.95
    Expenses:Misc                                     £4.95

2023-06-30 Round up
    Assets:Bank:Monzo:Current Account                 £-0.05
    Assets:Bank:Monzo:Change Pot                      £0.05

2023-07-01 TESCO STORES 2654      HATFIELD      GBR
    Assets:Bank:Monzo:Current Account                 £-6.15
    Expenses:Misc                                     £6.15

2023-07-01 Round up
    Assets:Bank:Monzo:Current Account                 £-0.85
    Assets:Bank:Monzo:Change Pot                      £0.85

2023-07-01
    Assets:Bank:Monzo:Current Account                 £-100.00
    Expenses:Misc                                     £100.00

2023-07-02 Netflix.com            Los Gatos     GBR
    Assets:Bank:Monzo:Current Account                 £-10.99
    Expenses:Entertainment:Netflix                                     £10.99

2023-07-02 Round up
    Assets:Bank:Monzo:Current Account                 £-0.01
    Assets:Bank:Monzo:Change Pot                      £0.01

2023-07-02 SELECTA U.K. LIMITED   LONDON        GBR
    Assets:Bank:Monzo:Current Account                 £-0.50
    Expenses:Misc                                     £0.50

2023-07-02 SELECTA U.K. LIMITED   LONDON        GBR
    Assets:Bank:Monzo:Current Account                 £-0.50
    Expenses:Misc                                     £0.50

2023-07-02 SELECTA U.K. LIMITED   LONDON        GBR
    Assets:Bank:Monzo:Current Account                 £-0.50
    Expenses:Misc                                     £0.50

2023-07-02 SELECTA U.K. LIMITED   LONDON        GBR
    Assets:Bank:Monzo:Current Account                 £-0.50
    Expenses:Misc                                     £0.50

2023-07-02 SELECTA U.K. LIMITED   LONDON        GBR
    Assets:Bank:Monzo:Current Account                 £-0.50
    Expenses:Misc                                     £0.50

2023-07-03
    Assets:Bank:Monzo:Current Account                 £0.04
    Expenses:Misc                                     £-0.04

2023-07-03 SELECTA U.K. LIMITED   LONDON        GBR
    Assets:Bank:Monzo:Current Account                 £-0.50
    Expenses:Misc                                     £0.50

2023-07-03 Selecta U.K. Limited   South Ruislip GBR
    Assets:Bank:Monzo:Current Account                 £-0.25
    Expenses:Misc                                     £0.25

2023-07-03 Selecta U.K. Limited   South Ruislip GBR
    Assets:Bank:Monzo:Current Account                 £-0.25
    Expenses:Misc                                     £0.25

2023-07-04 Selecta U.K. Limited   South Ruislip GBR
    Assets:Bank:Monzo:Current Account                 £-0.25
    Expenses:Misc                                     £0.25

2023-07-06 BP STH MIMMS TRUCKSTOP SOUTH MIMMS H GBR
    Assets:Bank:Monzo:Current Account                 £-2.50
    Expenses:Misc                                     £2.50

2023-07-06 Round up
    Assets:Bank:Monzo:Current Account                 £-0.50
    Assets:Bank:Monzo:Change Pot                      £0.50

2023-07-06 MONZO
    Assets:Bank:Monzo:Current Account                 £100.00
    Equity:Transfers                                  £-100.00

2023-07-06 Darkstar International York          GBR
    Assets:Bank:Monzo:Current Account                 £-22.93
    Expenses:Misc                                     £22.93

2023-07-06 Round up
    Assets:Bank:Monzo:Current Account                 £-0.07
    Assets:Bank:Monzo:Change Pot                      £0.07

2023-07-06 Wagamama Limited 280   London        GBR
    Assets:Bank:Monzo:Current Account                 £-47.31
    Expenses:Misc                                     £47.31

2023-07-06 Round up
    Assets:Bank:Monzo:Current Account                 £-0.69
    Assets:Bank:Monzo:Change Pot                      £0.69

2023-07-06
    Assets:Bank:Monzo:Current Account                 £47.31
    Expenses:Misc                                     £-47.31

2023-07-06 Selecta U.K. Limited   South Ruislip GBR
    Assets:Bank:Monzo:Current Account                 £-1.55
    Expenses:Misc                                     £1.55

2023-07-06 Round up
    Assets:Bank:Monzo:Current Account                 £-0.45
    Assets:Bank:Monzo:Change Pot                      £0.45

2023-07-06 SAINSBURYS PETROL      LONDON COLNEY GBR
    Assets:Bank:Monzo:Current Account                 £-48.60
    Expenses:Misc                                     £48.60

2023-07-06 Round up
    Assets:Bank:Monzo:Current Account                 £-0.40
    Assets:Bank:Monzo:Change Pot                      £0.40

2023-07-07
    Assets:Bank:Monzo:Current Account                 £-25.00
    Expenses:Misc                                     £25.00

2023-07-07 MONZO
    Assets:Bank:Monzo:Current Account                 £50.00
    Equity:Transfers                                  £-50.00

2023-07-08 GOOGLE *YouTubePremium 650-253-0000  GBR
    Assets:Bank:Monzo:Current Account                 £-11.99
    Expenses:Entertainment:Youtube Premium                                     £11.99

2023-07-08 Round up
    Assets:Bank:Monzo:Current Account                 £-0.01
    Assets:Bank:Monzo:Change Pot                      £0.01

2023-07-10 AMAZON UK RETAIL       WWW.AMAZON.CO LUX
    Assets:Bank:Monzo:Current Account                 £-19.95
    Expenses:Misc                                     £19.95

2023-07-10 Round up
    Assets:Bank:Monzo:Current Account                 £-0.05
    Assets:Bank:Monzo:Change Pot                      £0.05

2023-07-11 Selecta U.K. Limited   South Ruislip GBR
    Assets:Bank:Monzo:Current Account                 £-1.55
    Expenses:Misc                                     £1.55

2023-07-11 Round up
    Assets:Bank:Monzo:Current Account                 £-0.45
    Assets:Bank:Monzo:Change Pot                      £0.45

2023-07-11 SELECTA U.K. LIMITED   LONDON        GBR
    Assets:Bank:Monzo:Current Account                 £-0.50
    Expenses:Misc                                     £0.50

2023-07-11 SELECTA U.K. LIMITED   LONDON        GBR
    Assets:Bank:Monzo:Current Account                 £-0.50
    Expenses:Misc                                     £0.50

2023-07-12 BP STH MIMMS TRUCKSTOP SOUTH MIMMS H GBR
    Assets:Bank:Monzo:Current Account                 £-5.70
    Expenses:Misc                                     £5.70

2023-07-12 Round up
    Assets:Bank:Monzo:Current Account                 £-0.30
    Assets:Bank:Monzo:Change Pot                      £0.30

2023-07-13 MONZO
    Assets:Bank:Monzo:Current Account                 £100.00
    Equity:Transfers                                  £-100.00

2023-07-13 DART-CHARGE            DUBLIN        IRL
    Assets:Bank:Monzo:Current Account                 £-5.00
    Expenses:Misc                                     £5.00

2023-07-14
    Assets:Bank:Monzo:Current Account                 £-25.00
    Expenses:Misc                                     £25.00

2023-07-14 TESCO STORES 5487      LONDON        GBR
    Assets:Bank:Monzo:Current Account                 £-6.70
    Expenses:Misc                                     £6.70

2023-07-14 Round up
    Assets:Bank:Monzo:Current Account                 £-0.30
    Assets:Bank:Monzo:Change Pot                      £0.30

2023-07-15 Microsoft*Microsoft 36 Reading       GBR
    Assets:Bank:Monzo:Current Account                 £-5.99
    Expenses:Misc                                     £5.99

2023-07-15 Round up
    Assets:Bank:Monzo:Current Account                 £-0.01
    Assets:Bank:Monzo:Change Pot                      £0.01

2023-07-15 RINGGO PARKING         MAIDSTONE     GBR
    Assets:Bank:Monzo:Current Account                 £-1.00
    Expenses:Misc                                     £1.00

2023-07-15 TESCO STORES 5690      WATFORD       GBR
    Assets:Bank:Monzo:Current Account                 £-8.05
    Expenses:Misc                                     £8.05

2023-07-15 Round up
    Assets:Bank:Monzo:Current Account                 £-0.95
    Assets:Bank:Monzo:Change Pot                      £0.95

2023-07-16 SELECTA U.K. LIMITED   LONDON        GBR
    Assets:Bank:Monzo:Current Account                 £-0.50
    Expenses:Misc                                     £0.50

2023-07-16 SELECTA U.K. LIMITED   LONDON        GBR
    Assets:Bank:Monzo:Current Account                 £-0.50
    Expenses:Misc                                     £0.50

2023-07-16 SELECTA U.K. LIMITED   LONDON        GBR
    Assets:Bank:Monzo:Current Account                 £-0.50
    Expenses:Misc                                     £0.50

2023-07-17 SELECTA U.K. LIMITED   LONDON        GBR
    Assets:Bank:Monzo:Current Account                 £-0.50
    Expenses:Misc                                     £0.50

2023-07-17 SELECTA U.K. LIMITED   LONDON        GBR
    Assets:Bank:Monzo:Current Account                 £-0.50
    Expenses:Misc                                     £0.50

2023-07-17 SELECTA U.K. LIMITED   LONDON        GBR
    Assets:Bank:Monzo:Current Account                 £-0.50
    Expenses:Misc                                     £0.50

2023-07-17 SELECTA U.K. LIMITED   LONDON        GBR
    Assets:Bank:Monzo:Current Account                 £-0.50
    Expenses:Misc                                     £0.50

2023-07-17
    Assets:Bank:Monzo:Current Account                 £1000.00
    Expenses:Misc                                     £-1000.00

2023-07-17
    Assets:Bank:Monzo:Current Account                 £40.00
    Assets:Bank:Monzo:Change Pot                      £-40.00

2023-07-17 Sent from Monzo
    Assets:Bank:Monzo:Current Account                 £-1050.00
    Equity:Transfers                                  £1050.00

2023-07-18 BP STH MIMMS TRUCKSTOP SOUTH MIMMS H GBR
    Assets:Bank:Monzo:Current Account                 £-4.00
    Expenses:Misc                                     £4.00

2023-07-18 SELECTA U.K. LIMITED   LONDON        GBR
    Assets:Bank:Monzo:Current Account                 £-0.50
    Expenses:Misc                                     £0.50

2023-07-18 SELECTA U.K. LIMITED   LONDON        GBR
    Assets:Bank:Monzo:Current Account                 £-0.50
    Expenses:Misc                                     £0.50

2023-07-19 The Maltings Shopping  St Albans     GBR
    Assets:Bank:Monzo:Current Account                 £-2.00
    Expenses:Misc                                     £2.00

2023-07-19 SELECTA U.K. LIMITED   LONDON        GBR
    Assets:Bank:Monzo:Current Account                 £-0.50
    Expenses:Misc                                     £0.50

2023-07-19 SELECTA U.K. LIMITED   LONDON        GBR
    Assets:Bank:Monzo:Current Account                 £-0.50
    Expenses:Misc                                     £0.50

2023-07-20 MONZO
    Assets:Bank:Monzo:Current Account                 £50.00
    Equity:Transfers                                  £-50.00

2023-07-20 SELECTA U.K. LIMITED   LONDON        GBR
    Assets:Bank:Monzo:Current Account                 £-0.50
    Expenses:Misc                                     £0.50

2023-07-20 SELECTA U.K. LIMITED   LONDON        GBR
    Assets:Bank:Monzo:Current Account                 £-0.50
    Expenses:Misc                                     £0.50

2023-07-20 SELECTA U.K. LIMITED   LONDON        GBR
    Assets:Bank:Monzo:Current Account                 £-0.50
    Expenses:Misc                                     £0.50

2023-07-20 Selecta U.K. Limited   South Ruislip GBR
    Assets:Bank:Monzo:Current Account                 £-1.55
    Expenses:Misc                                     £1.55

2023-07-20 Round up
    Assets:Bank:Monzo:Current Account                 £-0.45
    Assets:Bank:Monzo:Change Pot                      £0.45

2023-07-21 BP STH MIMMS TRUCKSTOP SOUTH MIMMS H GBR
    Assets:Bank:Monzo:Current Account                 £-1.25
    Expenses:Misc                                     £1.25

2023-07-21 Round up
    Assets:Bank:Monzo:Current Account                 £-0.75
    Assets:Bank:Monzo:Change Pot                      £0.75

2023-07-21
    Assets:Bank:Monzo:Current Account                 £-25.00
    Expenses:Misc                                     £25.00

2023-07-21 SELECTA U.K. LIMITED   LONDON        GBR
    Assets:Bank:Monzo:Current Account                 £-0.50
    Expenses:Misc                                     £0.50

2023-07-21 RINGGO PARKING         MAIDSTONE     GBR
    Assets:Bank:Monzo:Current Account                 £-1.00
    Expenses:Misc                                     £1.00

2023-07-21 APPLE.COM/BILL         APPLE.COM/BIL IRL
    Assets:Bank:Monzo:Current Account                 £-7.99
    Expenses:Misc                                     £7.99

2023-07-21 Round up
    Assets:Bank:Monzo:Current Account                 £-0.01
    Assets:Bank:Monzo:Change Pot                      £0.01

2023-07-23 SELECTA U.K. LIMITED   LONDON        GBR
    Assets:Bank:Monzo:Current Account                 £-0.50
    Expenses:Misc                                     £0.50

2023-07-23 SELECTA U.K. LIMITED   LONDON        GBR
    Assets:Bank:Monzo:Current Account                 £-0.50
    Expenses:Misc                                     £0.50

2023-07-23 SELECTA U.K. LIMITED   LONDON        GBR
    Assets:Bank:Monzo:Current Account                 £-0.50
    Expenses:Misc                                     £0.50

2023-07-23 giffgaff               London        GBR
    Assets:Bank:Monzo:Current Account                 £-10.00
    Expenses:Misc                                     £10.00

2023-07-24 SELECTA U.K. LIMITED   LONDON        GBR
    Assets:Bank:Monzo:Current Account                 £-0.50
    Expenses:Misc                                     £0.50

2023-07-24 SELECTA U.K. LIMITED   LONDON        GBR
    Assets:Bank:Monzo:Current Account                 £-0.50
    Expenses:Misc                                     £0.50

2023-07-24 SELECTA U.K. LIMITED   LONDON        GBR
    Assets:Bank:Monzo:Current Account                 £-0.50
    Expenses:Misc                                     £0.50

2023-07-24 SELECTA U.K. LIMITED   LONDON        GBR
    Assets:Bank:Monzo:Current Account                 £-0.50
    Expenses:Misc                                     £0.50

2023-07-24 CO-OP GROUP FOOD RETAI HATFIELD      GBR
    Assets:Bank:Monzo:Current Account                 £-3.40
    Expenses:Misc                                     £3.40

2023-07-24 Round up
    Assets:Bank:Monzo:Current Account                 £-0.60
    Assets:Bank:Monzo:Change Pot                      £0.60

2023-07-25 DISCOUNTDRAGON.CO.UK   +441942672246 GBR
    Assets:Bank:Monzo:Current Account                 £-28.27
    Expenses:Misc                                     £28.27

2023-07-25 Round up
    Assets:Bank:Monzo:Current Account                 £-0.73
    Assets:Bank:Monzo:Change Pot                      £0.73

2023-07-25 SELECTA U.K. LIMITED   LONDON        GBR
    Assets:Bank:Monzo:Current Account                 £-0.50
    Expenses:Misc                                     £0.50

2023-07-25 SELECTA U.K. LIMITED   LONDON        GBR
    Assets:Bank:Monzo:Current Account                 £-0.50
    Expenses:Misc                                     £0.50

2023-07-26 SELECTA U.K. LIMITED   LONDON        GBR
    Assets:Bank:Monzo:Current Account                 £-0.50
    Expenses:Misc                                     £0.50

2023-07-26 SELECTA U.K. LIMITED   LONDON        GBR
    Assets:Bank:Monzo:Current Account                 £-0.50
    Expenses:Misc                                     £0.50

2023-07-27 BP STH MIMMS TRUCKSTOP SOUTH MIMMS H GBR
    Assets:Bank:Monzo:Current Account                 £-2.95
    Expenses:Misc                                     £2.95

2023-07-27 Round up
    Assets:Bank:Monzo:Current Account                 £-0.05
    Assets:Bank:Monzo:Change Pot                      £0.05

2023-07-27 MONZO
    Assets:Bank:Monzo:Current Account                 £50.00
    Equity:Transfers                                  £-50.00

2023-07-27 SELECTA U.K. LIMITED   LONDON        GBR
    Assets:Bank:Monzo:Current Account                 £-0.50
    Expenses:Misc                                     £0.50

2023-07-27 AMAZON UK RETAIL       WWW.AMAZON.CO LUX
    Assets:Bank:Monzo:Current Account                 £-21.87
    Expenses:Misc                                     £21.87

2023-07-27 Round up
    Assets:Bank:Monzo:Current Account                 £-0.13
    Assets:Bank:Monzo:Change Pot                      £0.13

2023-07-27 SELECTA U.K. LIMITED   LONDON        GBR
    Assets:Bank:Monzo:Current Account                 £-0.50
    Expenses:Misc                                     £0.50

2023-07-27 SELECTA U.K. LIMITED   LONDON        GBR
    Assets:Bank:Monzo:Current Account                 £-0.50
    Expenses:Misc                                     £0.50

2023-07-27 Selecta U.K. Limited   South Ruislip GBR
    Assets:Bank:Monzo:Current Account                 £-0.25
    Expenses:Misc                                     £0.25

2023-07-27 SELECTA U.K. LIMITED   LONDON        GBR
    Assets:Bank:Monzo:Current Account                 £-0.50
    Expenses:Misc                                     £0.50

2023-07-28
    Assets:Bank:Monzo:Current Account                 £-25.00
    Expenses:Misc                                     £25.00

2023-07-28 SELECTA U.K. LIMITED   LONDON        GBR
    Assets:Bank:Monzo:Current Account                 £-0.50
    Expenses:Misc                                     £0.50

2023-07-28 SELECTA U.K. LIMITED   LONDON        GBR
    Assets:Bank:Monzo:Current Account                 £-0.50
    Expenses:Misc                                     £0.50

2023-07-28 SELECTA U.K. LIMITED   LONDON        GBR
    Assets:Bank:Monzo:Current Account                 £-0.50
    Expenses:Misc                                     £0.50

2023-07-30 MONZO
    Assets:Bank:Monzo:Current Account                 £50.00
    Equity:Transfers                                  £-50.00

2023-07-30 SELECTA U.K. LIMITED   LONDON        GBR
    Assets:Bank:Monzo:Current Account                 £-0.50
    Expenses:Misc                                     £0.50

2023-07-30 SELECTA U.K. LIMITED   LONDON        GBR
    Assets:Bank:Monzo:Current Account                 £-0.50
    Expenses:Misc                                     £0.50

2023-07-30 Selecta U.K. Limited   South Ruislip GBR
    Assets:Bank:Monzo:Current Account                 £-0.25
    Expenses:Misc                                     £0.25

2023-07-30 SELECTA U.K. LIMITED   LONDON        GBR
    Assets:Bank:Monzo:Current Account                 £-0.50
    Expenses:Misc                                     £0.50

2023-07-31 SELECTA U.K. LIMITED   LONDON        GBR
    Assets:Bank:Monzo:Current Account                 £-0.50
    Expenses:Misc                                     £0.50

2023-07-31 SELECTA U.K. LIMITED   LONDON        GBR
    Assets:Bank:Monzo:Current Account                 £-0.50
    Expenses:Misc                                     £0.50

2023-08-01 SELECTA U.K. LIMITED   LONDON        GBR
    Assets:Bank:Monzo:Current Account                 £-0.50
    Expenses:Misc                                     £0.50

2023-08-01 SELECTA U.K. LIMITED   LONDON        GBR
    Assets:Bank:Monzo:Current Account                 £-0.50
    Expenses:Misc                                     £0.50

2023-08-01 Selecta U.K. Limited   South Ruislip GBR
    Assets:Bank:Monzo:Current Account                 £-0.25
    Expenses:Misc                                     £0.25

2023-08-02 Netflix.com            Los Gatos     GBR
    Assets:Bank:Monzo:Current Account                 £-10.99
    Expenses:Entertainment:Netflix                                     £10.99

2023-08-02 Round up
    Assets:Bank:Monzo:Current Account                 £-0.01
    Assets:Bank:Monzo:Change Pot                      £0.01

2023-08-02 TESCO-STORES-6207      ST ALBANS     GBR
    Assets:Bank:Monzo:Current Account                 £-1.50
    Expenses:Misc                                     £1.50

2023-08-02 Round up
    Assets:Bank:Monzo:Current Account                 £-0.50
    Assets:Bank:Monzo:Change Pot                      £0.50

2023-08-02 The Maltings Shopping  St Albans     GBR
    Assets:Bank:Monzo:Current Account                 £-2.00
    Expenses:Misc                                     £2.00

2023-08-02 SELECTA U.K. LIMITED   LONDON        GBR
    Assets:Bank:Monzo:Current Account                 £-0.50
    Expenses:Misc                                     £0.50

2023-08-02 ASDA SUPERSTORE 04406  HATFIELD      GBR
    Assets:Bank:Monzo:Current Account                 £-5.40
    Expenses:Misc                                     £5.40

2023-08-02 Round up
    Assets:Bank:Monzo:Current Account                 £-0.60
    Assets:Bank:Monzo:Change Pot                      £0.60

2023-08-03 MONZO
    Assets:Bank:Monzo:Current Account                 £50.00
    Equity:Transfers                                  £-50.00

2023-08-03 SELECTA U.K. LIMITED   LONDON        GBR
    Assets:Bank:Monzo:Current Account                 £-0.50
    Expenses:Misc                                     £0.50

2023-08-03 Selecta U.K. Limited   South Ruislip GBR
    Assets:Bank:Monzo:Current Account                 £-0.25
    Expenses:Misc                                     £0.25

2023-08-03 SELECTA U.K. LIMITED   LONDON        GBR
    Assets:Bank:Monzo:Current Account                 £-0.50
    Expenses:Misc                                     £0.50

2023-08-03 SELECTA U.K. LIMITED   LONDON        GBR
    Assets:Bank:Monzo:Current Account                 £-0.50
    Expenses:Misc                                     £0.50

2023-08-04
    Assets:Bank:Monzo:Current Account                 £-25.00
    Expenses:Misc                                     £25.00

2023-08-05 RINGGO PARKING         MAIDSTONE     GBR
    Assets:Bank:Monzo:Current Account                 £-1.00
    Expenses:Misc                                     £1.00

2023-08-06 SELECTA U.K. LIMITED   LONDON        GBR
    Assets:Bank:Monzo:Current Account                 £-0.50
    Expenses:Misc                                     £0.50

2023-08-07 AMAZON UK RETAIL       WWW.AMAZON.CO LUX
    Assets:Bank:Monzo:Current Account                 £-8.00
    Expenses:Misc                                     £8.00

2023-08-07 GOOGLE *YouTubePremium 650-253-0000  GBR
    Assets:Bank:Monzo:Current Account                 £-11.99
    Expenses:Entertainment:Youtube Premium                                     £11.99

2023-08-07 Round up
    Assets:Bank:Monzo:Current Account                 £-0.01
    Assets:Bank:Monzo:Change Pot                      £0.01

2023-08-07 SELECTA U.K. LIMITED   LONDON        GBR
    Assets:Bank:Monzo:Current Account                 £-0.50
    Expenses:Misc                                     £0.50

2023-08-08 SELECTA U.K. LIMITED   LONDON        GBR
    Assets:Bank:Monzo:Current Account                 £-0.50
    Expenses:Misc                                     £0.50

2023-08-08 ASDA SUPERSTORE 04406  HATFIELD      GBR
    Assets:Bank:Monzo:Current Account                 £-4.75
    Expenses:Misc                                     £4.75

2023-08-08 Round up
    Assets:Bank:Monzo:Current Account                 £-0.25
    Assets:Bank:Monzo:Change Pot                      £0.25

2023-08-09 SELECTA U.K. LIMITED   LONDON        GBR
    Assets:Bank:Monzo:Current Account                 £-0.50
    Expenses:Misc                                     £0.50

2023-08-10 MONZO
    Assets:Bank:Monzo:Current Account                 £50.00
    Equity:Transfers                                  £-50.00

2023-08-10 SELECTA U.K. LIMITED   LONDON        GBR
    Assets:Bank:Monzo:Current Account                 £-0.50
    Expenses:Misc                                     £0.50

2023-08-10 SELECTA U.K. LIMITED   LONDON        GBR
    Assets:Bank:Monzo:Current Account                 £-0.50
    Expenses:Misc                                     £0.50

2023-08-10 SELECTA U.K. LIMITED   LONDON        GBR
    Assets:Bank:Monzo:Current Account                 £-0.50
    Expenses:Misc                                     £0.50

2023-08-10 TESCO STORES 2152      BROMLEY BY BO GBR
    Assets:Bank:Monzo:Current Account                 £-2.20
    Expenses:Misc                                     £2.20

2023-08-10 Round up
    Assets:Bank:Monzo:Current Account                 £-0.80
    Assets:Bank:Monzo:Change Pot                      £0.80

2023-08-11
    Assets:Bank:Monzo:Current Account                 £-25.00
    Expenses:Misc                                     £25.00

2023-08-11 SELECTA U.K. LIMITED   LONDON        GBR
    Assets:Bank:Monzo:Current Account                 £-0.50
    Expenses:Misc                                     £0.50

2023-08-11 WELCOME BREAK-COBHAM   COBHAM        GBR
    Assets:Bank:Monzo:Current Account                 £-4.35
    Expenses:Misc                                     £4.35

2023-08-11 Round up
    Assets:Bank:Monzo:Current Account                 £-0.65
    Assets:Bank:Monzo:Change Pot                      £0.65

2023-08-11 Selecta U.K. Limited   South Ruislip GBR
    Assets:Bank:Monzo:Current Account                 £-1.60
    Expenses:Misc                                     £1.60

2023-08-11 Round up
    Assets:Bank:Monzo:Current Account                 £-0.40
    Assets:Bank:Monzo:Change Pot                      £0.40

2023-08-13 SELECTA U.K. LIMITED   LONDON        GBR
    Assets:Bank:Monzo:Current Account                 £-0.50
    Expenses:Misc                                     £0.50

2023-08-13 SELECTA U.K. LIMITED   LONDON        GBR
    Assets:Bank:Monzo:Current Account                 £-0.50
    Expenses:Misc                                     £0.50

2023-08-14 SELECTA U.K. LIMITED   LONDON        GBR
    Assets:Bank:Monzo:Current Account                 £-0.50
    Expenses:Misc                                     £0.50

2023-08-15 Microsoft*Microsoft 36 Reading       GBR
    Assets:Bank:Monzo:Current Account                 £-5.99
    Expenses:Misc                                     £5.99

2023-08-15 Round up
    Assets:Bank:Monzo:Current Account                 £-0.01
    Assets:Bank:Monzo:Change Pot                      £0.01

2023-08-15 SELECTA U.K. LIMITED   LONDON        GBR
    Assets:Bank:Monzo:Current Account                 £-0.50
    Expenses:Misc                                     £0.50

2023-08-15 Selecta U.K. Limited   South Ruislip GBR
    Assets:Bank:Monzo:Current Account                 £-1.55
    Expenses:Misc                                     £1.55

2023-08-15 Round up
    Assets:Bank:Monzo:Current Account                 £-0.45
    Assets:Bank:Monzo:Change Pot                      £0.45

2023-08-16 SELECTA U.K. LIMITED   LONDON        GBR
    Assets:Bank:Monzo:Current Account                 £-0.50
    Expenses:Misc                                     £0.50

2023-08-16 SELECTA U.K. LIMITED   LONDON        GBR
    Assets:Bank:Monzo:Current Account                 £-0.50
    Expenses:Misc                                     £0.50

2023-08-16 SELECTA U.K. LIMITED   LONDON        GBR
    Assets:Bank:Monzo:Current Account                 £-0.50
    Expenses:Misc                                     £0.50

2023-08-17 MONZO
    Assets:Bank:Monzo:Current Account                 £50.00
    Equity:Transfers                                  £-50.00

2023-08-17 SELECTA U.K. LIMITED   LONDON        GBR
    Assets:Bank:Monzo:Current Account                 £-0.50
    Expenses:Misc                                     £0.50

2023-08-17 Selecta U.K. Limited   South Ruislip GBR
    Assets:Bank:Monzo:Current Account                 £-1.70
    Expenses:Misc                                     £1.70

2023-08-17 Round up
    Assets:Bank:Monzo:Current Account                 £-0.30
    Assets:Bank:Monzo:Change Pot                      £0.30

2023-08-17 Selecta U.K. Limited   South Ruislip GBR
    Assets:Bank:Monzo:Current Account                 £-0.25
    Expenses:Misc                                     £0.25

2023-08-18 SELECTA U.K. LIMITED   LONDON        GBR
    Assets:Bank:Monzo:Current Account                 £-0.50
    Expenses:Misc                                     £0.50

2023-08-18 UNCLE TIMS TOTAL KITCH HATFIELD      GBR
    Assets:Bank:Monzo:Current Account                 £-20.00
    Expenses:Misc                                     £20.00

2023-08-20 SELECTA U.K. LIMITED   LONDON        GBR
    Assets:Bank:Monzo:Current Account                 £-0.50
    Expenses:Misc                                     £0.50

2023-08-20 SELECTA U.K. LIMITED   LONDON        GBR
    Assets:Bank:Monzo:Current Account                 £-0.50
    Expenses:Misc                                     £0.50

2023-08-21 AMAZON UK RETAIL       WWW.AMAZON.CO LUX
    Assets:Bank:Monzo:Current Account                 £-21.94
    Expenses:Misc                                     £21.94

2023-08-21 Round up
    Assets:Bank:Monzo:Current Account                 £-0.06
    Assets:Bank:Monzo:Change Pot                      £0.06

2023-08-21 SELECTA U.K. LIMITED   LONDON        GBR
    Assets:Bank:Monzo:Current Account                 £-0.50
    Expenses:Misc                                     £0.50

2023-08-22 SELECTA U.K. LIMITED   LONDON        GBR
    Assets:Bank:Monzo:Current Account                 £-0.50
    Expenses:Misc                                     £0.50

2023-08-22 SELECTA U.K. LIMITED   LONDON        GBR
    Assets:Bank:Monzo:Current Account                 £-0.50
    Expenses:Misc                                     £0.50

2023-08-22 SELECTA U.K. LIMITED   LONDON        GBR
    Assets:Bank:Monzo:Current Account                 £-0.50
    Expenses:Misc                                     £0.50

2023-08-22 SELECTA U.K. LIMITED   LONDON        GBR
    Assets:Bank:Monzo:Current Account                 £-0.50
    Expenses:Misc                                     £0.50

2023-08-22 Selecta U.K. Limited   South Ruislip GBR
    Assets:Bank:Monzo:Current Account                 £-0.25
    Expenses:Misc                                     £0.25

2023-08-23 SELECTA U.K. LIMITED   LONDON        GBR
    Assets:Bank:Monzo:Current Account                 £-0.50
    Expenses:Misc                                     £0.50

2023-08-23 WELCOME BREAK-COBHAM   COBHAM        GBR
    Assets:Bank:Monzo:Current Account                 £-5.40
    Expenses:Misc                                     £5.40

2023-08-23 Round up
    Assets:Bank:Monzo:Current Account                 £-0.60
    Assets:Bank:Monzo:Change Pot                      £0.60

2023-08-23 SELECTA U.K. LIMITED   LONDON        GBR
    Assets:Bank:Monzo:Current Account                 £-0.50
    Expenses:Misc                                     £0.50

2023-08-23 giffgaff               London        GBR
    Assets:Bank:Monzo:Current Account                 £-10.00
    Expenses:Misc                                     £10.00

2023-08-24 MONZO
    Assets:Bank:Monzo:Current Account                 £50.00
    Equity:Transfers                                  £-50.00

2023-08-24 SELECTA U.K. LIMITED   LONDON        GBR
    Assets:Bank:Monzo:Current Account                 £-0.50
    Expenses:Misc                                     £0.50

2023-08-24 SELECTA U.K. LIMITED   LONDON        GBR
    Assets:Bank:Monzo:Current Account                 £-0.50
    Expenses:Misc                                     £0.50

2023-08-24 BP STH MIMMS TRUCKSTOP SOUTH MIMMS H GBR
    Assets:Bank:Monzo:Current Account                 £-5.99
    Expenses:Misc                                     £5.99

2023-08-24 Round up
    Assets:Bank:Monzo:Current Account                 £-0.01
    Assets:Bank:Monzo:Change Pot                      £0.01

2023-08-25 SELECTA U.K. LIMITED   LONDON        GBR
    Assets:Bank:Monzo:Current Account                 £-0.50
    Expenses:Misc                                     £0.50

2023-08-25 COBHAM N/E GREGGS      KENT          GBR
    Assets:Bank:Monzo:Current Account                 £-7.60
    Expenses:Misc                                     £7.60

2023-08-25 Round up
    Assets:Bank:Monzo:Current Account                 £-0.40
    Assets:Bank:Monzo:Change Pot                      £0.40

2023-08-25 ASDA SUPERSTORE 04406  HATFIELD      GBR
    Assets:Bank:Monzo:Current Account                 £-8.70
    Expenses:Misc                                     £8.70

2023-08-25 Round up
    Assets:Bank:Monzo:Current Account                 £-0.30
    Assets:Bank:Monzo:Change Pot                      £0.30

2023-08-27 SELECTA U.K. LIMITED   LONDON        GBR
    Assets:Bank:Monzo:Current Account                 £-0.50
    Expenses:Misc                                     £0.50

2023-08-27 SELECTA U.K. LIMITED   LONDON        GBR
    Assets:Bank:Monzo:Current Account                 £-0.50
    Expenses:Misc                                     £0.50

2023-08-27 SELECTA U.K. LIMITED   LONDON        GBR
    Assets:Bank:Monzo:Current Account                 £-0.50
    Expenses:Misc                                     £0.50

2023-08-27 Selecta U.K. Limited   Hemel Hempste GBR
    Assets:Bank:Monzo:Current Account                 £-0.80
    Expenses:Misc                                     £0.80

2023-08-27 Selecta U.K. Limited   Hemel Hempste GBR
    Assets:Bank:Monzo:Current Account                 £-0.25
    Expenses:Misc                                     £0.25

2023-08-28 SELECTA U.K. LIMITED   LONDON        GBR
    Assets:Bank:Monzo:Current Account                 £-0.50
    Expenses:Misc                                     £0.50

2023-08-28 BP STH MIMMS TRUCKSTOP SOUTH MIMMS H GBR
    Assets:Bank:Monzo:Current Account                 £-2.95
    Expenses:Misc                                     £2.95

2023-08-28 Round up
    Assets:Bank:Monzo:Current Account                 £-0.05
    Assets:Bank:Monzo:Change Pot                      £0.05

2023-08-29 SELECTA U.K. LIMITED   LONDON        GBR
    Assets:Bank:Monzo:Current Account                 £-0.50
    Expenses:Misc                                     £0.50

2023-08-29 SELECTA U.K. LIMITED   LONDON        GBR
    Assets:Bank:Monzo:Current Account                 £-0.50
    Expenses:Misc                                     £0.50

2023-08-29 ASDA SUPERSTORE 04406  HATFIELD      GBR
    Assets:Bank:Monzo:Current Account                 £-4.95
    Expenses:Misc                                     £4.95

2023-08-29 Round up
    Assets:Bank:Monzo:Current Account                 £-0.05
    Assets:Bank:Monzo:Change Pot                      £0.05

2023-08-30 SELECTA U.K. LIMITED   LONDON        GBR
    Assets:Bank:Monzo:Current Account                 £-0.50
    Expenses:Misc                                     £0.50

2023-08-30 SELECTA U.K. LIMITED   LONDON        GBR
    Assets:Bank:Monzo:Current Account                 £-0.50
    Expenses:Misc                                     £0.50

2023-08-31 MONZO
    Assets:Bank:Monzo:Current Account                 £50.00
    Equity:Transfers                                  £-50.00

2023-08-31 DISCOUNTDRAGON.CO.UK   +441942672246 GBR
    Assets:Bank:Monzo:Current Account                 £-25.44
    Expenses:Misc                                     £25.44

2023-08-31 Round up
    Assets:Bank:Monzo:Current Account                 £-0.56
    Assets:Bank:Monzo:Change Pot                      £0.56

2023-08-31 SELECTA U.K. LIMITED   LONDON        GBR
    Assets:Bank:Monzo:Current Account                 £-0.50
    Expenses:Misc                                     £0.50

2023-08-31 SELECTA U.K. LIMITED   LONDON        GBR
    Assets:Bank:Monzo:Current Account                 £-0.50
    Expenses:Misc                                     £0.50

2023-08-31 ASDA SUPERSTORE 04406  HATFIELD      GBR
    Assets:Bank:Monzo:Current Account                 £-5.30
    Expenses:Misc                                     £5.30

2023-08-31 Round up
    Assets:Bank:Monzo:Current Account                 £-0.70
    Assets:Bank:Monzo:Change Pot                      £0.70

2023-09-01 AMZNMktplace           amazon.co.uk  GBR
    Assets:Bank:Monzo:Current Account                 £-3.39
    Expenses:Misc                                     £3.39

2023-09-01 Round up
    Assets:Bank:Monzo:Current Account                 £-0.61
    Assets:Bank:Monzo:Change Pot                      £0.61

2023-09-02 NETFLIX.COM            18665797172   GBR
    Assets:Bank:Monzo:Current Account                 £-10.99
    Expenses:Entertainment:Netflix                                     £10.99

2023-09-02 Round up
    Assets:Bank:Monzo:Current Account                 £-0.01
    Assets:Bank:Monzo:Change Pot                      £0.01

2023-09-02 SAINSBURYS - COLNEY PA ST ALBANS     GBR
    Assets:Bank:Monzo:Current Account                 £-1.00
    Expenses:Misc                                     £1.00

2023-09-03 SELECTA U.K. LIMITED   LONDON        GBR
    Assets:Bank:Monzo:Current Account                 £-0.50
    Expenses:Misc                                     £0.50

2023-09-03 SELECTA U.K. LIMITED   LONDON        GBR
    Assets:Bank:Monzo:Current Account                 £-0.50
    Expenses:Misc                                     £0.50

2023-09-03 SELECTA U.K. LIMITED   LONDON        GBR
    Assets:Bank:Monzo:Current Account                 £-0.50
    Expenses:Misc                                     £0.50

2023-09-04 SELECTA U.K. LIMITED   LONDON        GBR
    Assets:Bank:Monzo:Current Account                 £-0.50
    Expenses:Misc                                     £0.50

2023-09-04 SELECTA U.K. LIMITED   LONDON        GBR
    Assets:Bank:Monzo:Current Account                 £-0.50
    Expenses:Misc                                     £0.50

2023-09-04 SELECTA U.K. LIMITED   LONDON        GBR
    Assets:Bank:Monzo:Current Account                 £-0.50
    Expenses:Misc                                     £0.50

2023-09-04 Toolstation UK         Northampton   GBR
    Assets:Bank:Monzo:Current Account                 £-14.98
    Expenses:Misc                                     £14.98

2023-09-04 Round up
    Assets:Bank:Monzo:Current Account                 £-0.02
    Assets:Bank:Monzo:Change Pot                      £0.02

2023-09-04 SELECTA U.K. LIMITED   LONDON        GBR
    Assets:Bank:Monzo:Current Account                 £-0.50
    Expenses:Misc                                     £0.50

2023-09-05 SELECTA U.K. LIMITED   LONDON        GBR
    Assets:Bank:Monzo:Current Account                 £-0.50
    Expenses:Misc                                     £0.50

2023-09-05 SELECTA U.K. LIMITED   LONDON        GBR
    Assets:Bank:Monzo:Current Account                 £-0.50
    Expenses:Misc                                     £0.50

2023-09-06 SELECTA U.K. LIMITED   LONDON        GBR
    Assets:Bank:Monzo:Current Account                 £-0.50
    Expenses:Misc                                     £0.50

2023-09-06 MONZO
    Assets:Bank:Monzo:Current Account                 £50.00
    Equity:Transfers                                  £-50.00

2023-09-06 SELECTA U.K. LIMITED   LONDON        GBR
    Assets:Bank:Monzo:Current Account                 £-0.50
    Expenses:Misc                                     £0.50

2023-09-06 BP STH MIMMS TRUCKSTOP SOUTH MIMMS H GBR
    Assets:Bank:Monzo:Current Account                 £-2.95
    Expenses:Misc                                     £2.95

2023-09-06 Round up
    Assets:Bank:Monzo:Current Account                 £-0.05
    Assets:Bank:Monzo:Change Pot                      £0.05

2023-09-07 MONZO
    Assets:Bank:Monzo:Current Account                 £50.00
    Equity:Transfers                                  £-50.00

2023-09-07 GOOGLE *YouTubePremium 650-253-0000  GBR
    Assets:Bank:Monzo:Current Account                 £-12.99
    Expenses:Entertainment:Youtube Premium                                     £12.99

2023-09-07 Round up
    Assets:Bank:Monzo:Current Account                 £-0.01
    Assets:Bank:Monzo:Change Pot                      £0.01

2023-09-07 SELECTA U.K. LIMITED   LONDON        GBR
    Assets:Bank:Monzo:Current Account                 £-0.50
    Expenses:Misc                                     £0.50

2023-09-07 SELECTA U.K. LIMITED   LONDON        GBR
    Assets:Bank:Monzo:Current Account                 £-0.50
    Expenses:Misc                                     £0.50

2023-09-07 Selecta U.K. Limited   Hemel Hempste GBR
    Assets:Bank:Monzo:Current Account                 £-2.20
    Expenses:Misc                                     £2.20

2023-09-07 Round up
    Assets:Bank:Monzo:Current Account                 £-0.80
    Assets:Bank:Monzo:Change Pot                      £0.80

2023-09-08 WELCOME BREAK-COBHAM   COBHAM        GBR
    Assets:Bank:Monzo:Current Account                 £-5.00
    Expenses:Misc                                     £5.00

2023-09-08 ASDA SUPERSTORE 04406  HATFIELD      GBR
    Assets:Bank:Monzo:Current Account                 £-1.50
    Expenses:Misc                                     £1.50

2023-09-08 Round up
    Assets:Bank:Monzo:Current Account                 £-0.50
    Assets:Bank:Monzo:Change Pot                      £0.50

2023-09-10 SELECTA U.K. LIMITED   LONDON        GBR
    Assets:Bank:Monzo:Current Account                 £-0.50
    Expenses:Misc                                     £0.50

2023-09-10 SELECTA U.K. LIMITED   LONDON        GBR
    Assets:Bank:Monzo:Current Account                 £-0.50
    Expenses:Misc                                     £0.50

2023-09-10 BP STH MIMMS TRUCKSTOP SOUTH MIMMS H GBR
    Assets:Bank:Monzo:Current Account                 £-5.99
    Expenses:Misc                                     £5.99

2023-09-10 Round up
    Assets:Bank:Monzo:Current Account                 £-0.01
    Assets:Bank:Monzo:Change Pot                      £0.01

2023-09-11 HARRIS AND HOOLE  HATF HATFIELD      GBR
    Assets:Bank:Monzo:Current Account                 £-3.95
    Expenses:Misc                                     £3.95

2023-09-11 Round up
    Assets:Bank:Monzo:Current Account                 £-0.05
    Assets:Bank:Monzo:Change Pot                      £0.05

2023-09-11 TESCO STORES 2654      HATFIELD      GBR
    Assets:Bank:Monzo:Current Account                 £-1.50
    Expenses:Misc                                     £1.50

2023-09-11 Round up
    Assets:Bank:Monzo:Current Account                 £-0.50
    Assets:Bank:Monzo:Change Pot                      £0.50

2023-09-11 SELECTA U.K. LIMITED   LONDON        GBR
    Assets:Bank:Monzo:Current Account                 £-0.50
    Expenses:Misc                                     £0.50

2023-09-12 BP STH MIMMS TRUCKSTOP SOUTH MIMMS H GBR
    Assets:Bank:Monzo:Current Account                 £-4.00
    Expenses:Misc                                     £4.00

2023-09-12 SELECTA U.K. LIMITED   LONDON        GBR
    Assets:Bank:Monzo:Current Account                 £-0.50
    Expenses:Misc                                     £0.50

2023-09-12 SELECTA U.K. LIMITED   LONDON        GBR
    Assets:Bank:Monzo:Current Account                 £-0.50
    Expenses:Misc                                     £0.50

2023-09-12 SELECTA U.K. LIMITED   LONDON        GBR
    Assets:Bank:Monzo:Current Account                 £-0.50
    Expenses:Misc                                     £0.50

2023-09-12 SELECTA U.K. LIMITED   LONDON        GBR
    Assets:Bank:Monzo:Current Account                 £-0.50
    Expenses:Misc                                     £0.50

2023-09-13 JUSTPARK               LONDON        GBR
    Assets:Bank:Monzo:Current Account                 £-9.39
    Expenses:Misc                                     £9.39

2023-09-13 Round up
    Assets:Bank:Monzo:Current Account                 £-0.61
    Assets:Bank:Monzo:Change Pot                      £0.61

2023-09-13 GALLERIA CAR PARK      HATFIELD      GBR
    Assets:Bank:Monzo:Current Account                 £-2.00
    Expenses:Misc                                     £2.00

2023-09-14 MONZO
    Assets:Bank:Monzo:Current Account                 £50.00
    Equity:Transfers                                  £-50.00

2023-09-14 TFL BUSINESS BOPS WEB  LONDON        GBR
    Assets:Bank:Monzo:Current Account                 £-15.00
    Expenses:Misc                                     £15.00

2023-09-15 Microsoft*Microsoft 36 Reading       GBR
    Assets:Bank:Monzo:Current Account                 £-5.99
    Expenses:Misc                                     £5.99

2023-09-15 Round up
    Assets:Bank:Monzo:Current Account                 £-0.01
    Assets:Bank:Monzo:Change Pot                      £0.01

2023-09-15 TESCO STORES 2654      HATFIELD      GBR
    Assets:Bank:Monzo:Current Account                 £-9.90
    Expenses:Misc                                     £9.90

2023-09-15 Round up
    Assets:Bank:Monzo:Current Account                 £-0.10
    Assets:Bank:Monzo:Change Pot                      £0.10

2023-09-15
    Assets:Bank:Monzo:Current Account                 £7.25
    Expenses:Misc                                     £-7.25

2023-09-15 Amazon.co.uk           AMAZON.CO.UK  GBR
    Assets:Bank:Monzo:Current Account                 £-16.00
    Expenses:Misc                                     £16.00

2023-09-16 MCDONALDS              LONDON        GBR
    Assets:Bank:Monzo:Current Account                 £-1.99
    Expenses:Misc                                     £1.99

2023-09-16 Round up
    Assets:Bank:Monzo:Current Account                 £-0.01
    Assets:Bank:Monzo:Change Pot                      £0.01

2023-09-18 MCDONALDS              LONDON        GBR
    Assets:Bank:Monzo:Current Account                 £-1.99
    Expenses:Misc                                     £1.99

2023-09-18 Round up
    Assets:Bank:Monzo:Current Account                 £-0.01
    Assets:Bank:Monzo:Change Pot                      £0.01

2023-09-20 SELECTA U.K. LIMITED   LONDON        GBR
    Assets:Bank:Monzo:Current Account                 £-0.50
    Expenses:Misc                                     £0.50

2023-09-21 MONZO
    Assets:Bank:Monzo:Current Account                 £50.00
    Equity:Transfers                                  £-50.00

2023-09-21 BP STH MIMMS TRUCKSTOP SOUTH MIMMS H GBR
    Assets:Bank:Monzo:Current Account                 £-3.55
    Expenses:Misc                                     £3.55

2023-09-21 Round up
    Assets:Bank:Monzo:Current Account                 £-0.45
    Assets:Bank:Monzo:Change Pot                      £0.45

2023-09-21 SELECTA U.K. LIMITED   LONDON        GBR
    Assets:Bank:Monzo:Current Account                 £-0.50
    Expenses:Misc                                     £0.50

2023-09-21 SELECTA U.K. LIMITED   LONDON        GBR
    Assets:Bank:Monzo:Current Account                 £-0.50
    Expenses:Misc                                     £0.50

2023-09-21 SELECTA U.K. LIMITED   LONDON        GBR
    Assets:Bank:Monzo:Current Account                 £-0.50
    Expenses:Misc                                     £0.50

2023-09-21 ASDA SUPERSTORE 04406  HATFIELD      GBR
    Assets:Bank:Monzo:Current Account                 £-7.90
    Expenses:Misc                                     £7.90

2023-09-21 Round up
    Assets:Bank:Monzo:Current Account                 £-0.10
    Assets:Bank:Monzo:Change Pot                      £0.10

2023-09-22 NORTH HATFIEL          NORTH HATFIEL GBR
    Assets:Bank:Monzo:Current Account                 £-17.60
    Expenses:Misc                                     £17.60

2023-09-22 Round up
    Assets:Bank:Monzo:Current Account                 £-0.40
    Assets:Bank:Monzo:Change Pot                      £0.40

2023-09-22 Zettle_*Ethical Caffei London        GBR
    Assets:Bank:Monzo:Current Account                 £-3.90
    Expenses:Misc                                     £3.90

2023-09-22 Round up
    Assets:Bank:Monzo:Current Account                 £-0.10
    Assets:Bank:Monzo:Change Pot                      £0.10

2023-09-22 Zettle_*BATH SOFT CHEE BATH BANES    GBR
    Assets:Bank:Monzo:Current Account                 £-9.50
    Expenses:Misc                                     £9.50

2023-09-22 Round up
    Assets:Bank:Monzo:Current Account                 £-0.50
    Assets:Bank:Monzo:Change Pot                      £0.50

2023-09-22 WH Smith Kings         N1 9AP LON    GBR
    Assets:Bank:Monzo:Current Account                 £-2.79
    Expenses:Misc                                     £2.79

2023-09-22 Round up
    Assets:Bank:Monzo:Current Account                 £-0.21
    Assets:Bank:Monzo:Change Pot                      £0.21

2023-09-23 giffgaff               London        GBR
    Assets:Bank:Monzo:Current Account                 £-10.00
    Expenses:Misc                                     £10.00

2023-09-24 SELECTA U.K. LIMITED   LONDON        GBR
    Assets:Bank:Monzo:Current Account                 £-0.50
    Expenses:Misc                                     £0.50

2023-09-24 SELECTA U.K. LIMITED   LONDON        GBR
    Assets:Bank:Monzo:Current Account                 £-0.50
    Expenses:Misc                                     £0.50

2023-09-24 SELECTA U.K. LIMITED   LONDON        GBR
    Assets:Bank:Monzo:Current Account                 £-0.50
    Expenses:Misc                                     £0.50

2023-09-24 Selecta U.K. Limited   Hemel Hempste GBR
    Assets:Bank:Monzo:Current Account                 £-0.25
    Expenses:Misc                                     £0.25

2023-09-24 Selecta U.K. Limited   Hemel Hempste GBR
    Assets:Bank:Monzo:Current Account                 £-0.25
    Expenses:Misc                                     £0.25

2023-09-25 SELECTA U.K. LIMITED   LONDON        GBR
    Assets:Bank:Monzo:Current Account                 £-0.50
    Expenses:Misc                                     £0.50

2023-09-25 Selecta U.K. Limited   South Ruislip GBR
    Assets:Bank:Monzo:Current Account                 £-0.25
    Expenses:Misc                                     £0.25

2023-09-25 Selecta U.K. Limited   South Ruislip GBR
    Assets:Bank:Monzo:Current Account                 £-0.25
    Expenses:Misc                                     £0.25

2023-09-25 BP STH MIMMS TRUCKSTOP SOUTH MIMMS H GBR
    Assets:Bank:Monzo:Current Account                 £-2.95
    Expenses:Misc                                     £2.95

2023-09-25 Round up
    Assets:Bank:Monzo:Current Account                 £-0.05
    Assets:Bank:Monzo:Change Pot                      £0.05

2023-09-26 SELECTA U.K. LIMITED   LONDON        GBR
    Assets:Bank:Monzo:Current Account                 £-0.50
    Expenses:Misc                                     £0.50

2023-09-26 SELECTA U.K. LIMITED   LONDON        GBR
    Assets:Bank:Monzo:Current Account                 £-0.50
    Expenses:Misc                                     £0.50

2023-09-26 Selecta U.K. Limited   South Ruislip GBR
    Assets:Bank:Monzo:Current Account                 £-0.25
    Expenses:Misc                                     £0.25

2023-09-27 Round up
    Assets:Bank:Monzo:Current Account                 £-0.75
    Assets:Bank:Monzo:Change Pot                      £0.75

2023-09-27 BP STH MIMMS TRUCKSTOP SOUTH MIMMS H GBR
    Assets:Bank:Monzo:Current Account                 £-1.25
    Expenses:Misc                                     £1.25

2023-09-27 MONZO
    Assets:Bank:Monzo:Current Account                 £50.00
    Equity:Transfers                                  £-50.00

2023-09-27 AMZNMktplace           amazon.co.uk  GBR
    Assets:Bank:Monzo:Current Account                 £-21.78
    Expenses:Misc                                     £21.78

2023-09-27 Round up
    Assets:Bank:Monzo:Current Account                 £-0.22
    Assets:Bank:Monzo:Change Pot                      £0.22

2023-09-27 The Maltings Shopping  St Albans     GBR
    Assets:Bank:Monzo:Current Account                 £-2.00
    Expenses:Misc                                     £2.00

2023-09-27 SELECTA U.K. LIMITED   LONDON        GBR
    Assets:Bank:Monzo:Current Account                 £-0.50
    Expenses:Misc                                     £0.50

2023-09-27 Selecta U.K. Limited   South Ruislip GBR
    Assets:Bank:Monzo:Current Account                 £-2.40
    Expenses:Misc                                     £2.40

2023-09-27 Round up
    Assets:Bank:Monzo:Current Account                 £-0.60
    Assets:Bank:Monzo:Change Pot                      £0.60

2023-09-28 BP STH MIMMS TRUCKSTOP SOUTH MIMMS H GBR
    Assets:Bank:Monzo:Current Account                 £-2.95
    Expenses:Misc                                     £2.95

2023-09-28 Round up
    Assets:Bank:Monzo:Current Account                 £-0.05
    Assets:Bank:Monzo:Change Pot                      £0.05

2023-09-28 MONZO
    Assets:Bank:Monzo:Current Account                 £50.00
    Equity:Transfers                                  £-50.00

2023-09-28 SELECTA U.K. LIMITED   LONDON        GBR
    Assets:Bank:Monzo:Current Account                 £-0.50
    Expenses:Misc                                     £0.50

2023-09-28 ASDA SUPERSTORE 04406  HATFIELD      GBR
    Assets:Bank:Monzo:Current Account                 £-7.40
    Expenses:Misc                                     £7.40

2023-09-28 Round up
    Assets:Bank:Monzo:Current Account                 £-0.60
    Assets:Bank:Monzo:Change Pot                      £0.60

2023-09-29 East Herts Council     Bp's Stortfor GBR
    Assets:Bank:Monzo:Current Account                 £-4.80
    Expenses:Misc                                     £4.80

2023-09-29 Round up
    Assets:Bank:Monzo:Current Account                 £-0.20
    Assets:Bank:Monzo:Change Pot                      £0.20

2023-09-29 N1 BISHOPS STO         BISHOPS STORT GBR
    Assets:Bank:Monzo:Current Account                 £0.00
    Expenses:Misc                                     £0.00

2023-09-29 MONZO
    Assets:Bank:Monzo:Current Account                 £100.00
    Equity:Transfers                                  £-100.00

2023-09-29 N1 BISHOPS STO         BISHOPS STORT GBR
    Assets:Bank:Monzo:Current Account                 £0.00
    Expenses:Misc                                     £0.00

2023-09-29 N1 BISHOPS STO         BISHOPS STORT GBR
    Assets:Bank:Monzo:Current Account                 £-150.00
    Expenses:Misc                                     £150.00

2023-09-29 East Herts Council     Bp's Stortfor GBR
    Assets:Bank:Monzo:Current Account                 £2.80
    Expenses:Misc                                     £-2.80

2023-10-01 SELECTA U.K. LIMITED   LONDON        GBR
    Assets:Bank:Monzo:Current Account                 £-0.50
    Expenses:Misc                                     £0.50

2023-10-02 SELECTA U.K. LIMITED   LONDON        GBR
    Assets:Bank:Monzo:Current Account                 £-0.50
    Expenses:Misc                                     £0.50

2023-10-02 Netflix.com            Los Gatos     GBR
    Assets:Bank:Monzo:Current Account                 £-10.99
    Expenses:Entertainment:Netflix                                     £10.99

2023-10-02 Round up
    Assets:Bank:Monzo:Current Account                 £-0.01
    Assets:Bank:Monzo:Change Pot                      £0.01

2023-10-02 Selecta U.K. Limited   South Ruislip GBR
    Assets:Bank:Monzo:Current Account                 £-0.80
    Expenses:Misc                                     £0.80

2023-10-02 Selecta U.K. Limited   South Ruislip GBR
    Assets:Bank:Monzo:Current Account                 £-2.40
    Expenses:Misc                                     £2.40

2023-10-02 Round up
    Assets:Bank:Monzo:Current Account                 £-0.60
    Assets:Bank:Monzo:Change Pot                      £0.60

2023-10-03 BP STH MIMMS TRUCKSTOP SOUTH MIMMS H GBR
    Assets:Bank:Monzo:Current Account                 £-4.45
    Expenses:Misc                                     £4.45

2023-10-03 Round up
    Assets:Bank:Monzo:Current Account                 £-0.55
    Assets:Bank:Monzo:Change Pot                      £0.55

2023-10-03 MONZO
    Assets:Bank:Monzo:Current Account                 £200.00
    Equity:Transfers                                  £-200.00

2023-10-03 ASDA SUPERSTORE 04406  HATFIELD      GBR
    Assets:Bank:Monzo:Current Account                 £-8.50
    Expenses:Misc                                     £8.50

2023-10-03 Round up
    Assets:Bank:Monzo:Current Account                 £-0.50
    Assets:Bank:Monzo:Change Pot                      £0.50

2023-10-04 TESCO STORES 2654      HATFIELD      GBR
    Assets:Bank:Monzo:Current Account                 £-9.30
    Expenses:Misc                                     £9.30

2023-10-04 Round up
    Assets:Bank:Monzo:Current Account                 £-0.70
    Assets:Bank:Monzo:Change Pot                      £0.70

2023-10-05 MONZO
    Assets:Bank:Monzo:Current Account                 £50.00
    Equity:Transfers                                  £-50.00

2023-10-05 Finsbury Park Cafe     London        GBR
    Assets:Bank:Monzo:Current Account                 £-12.30
    Expenses:Misc                                     £12.30

2023-10-05 Round up
    Assets:Bank:Monzo:Current Account                 £-0.70
    Assets:Bank:Monzo:Change Pot                      £0.70

2023-10-07 SAINSBURYS - COLNEY PA ST ALBANS     GBR
    Assets:Bank:Monzo:Current Account                 £-1.09
    Expenses:Misc                                     £1.09

2023-10-07 Round up
    Assets:Bank:Monzo:Current Account                 £-0.91
    Assets:Bank:Monzo:Change Pot                      £0.91

2023-10-07 GOOGLE *YouTubePremium 650-253-0000  GBR
    Assets:Bank:Monzo:Current Account                 £-12.99
    Expenses:Entertainment:Youtube Premium                                     £12.99

2023-10-07 Round up
    Assets:Bank:Monzo:Current Account                 £-0.01
    Assets:Bank:Monzo:Change Pot                      £0.01

2023-10-08 Selecta U.K. Limited   South Ruislip GBR
    Assets:Bank:Monzo:Current Account                 £-2.20
    Expenses:Misc                                     £2.20

2023-10-08 Round up
    Assets:Bank:Monzo:Current Account                 £-0.80
    Assets:Bank:Monzo:Change Pot                      £0.80

2023-10-08 Selecta U.K. Limited   South Ruislip GBR
    Assets:Bank:Monzo:Current Account                 £-0.80
    Expenses:Misc                                     £0.80

2023-10-09 Coffee
    Assets:Bank:Monzo:Current Account                 £-17.75
    Expenses:Misc                                     £17.75

2023-10-09 Selecta U.K. Limited   South Ruislip GBR
    Assets:Bank:Monzo:Current Account                 £-0.25
    Expenses:Misc                                     £0.25

2023-10-09 Selecta U.K. Limited   South Ruislip GBR
    Assets:Bank:Monzo:Current Account                 £-0.70
    Expenses:Misc                                     £0.70

2023-10-09 Selecta U.K. Limited   South Ruislip GBR
    Assets:Bank:Monzo:Current Account                 £-2.40
    Expenses:Misc                                     £2.40

2023-10-09 Round up
    Assets:Bank:Monzo:Current Account                 £-0.60
    Assets:Bank:Monzo:Change Pot                      £0.60

2023-10-10 PAYBYPHONE RE NORTH HE HATFIELD      GBR
    Assets:Bank:Monzo:Current Account                 £-0.86
    Expenses:Misc                                     £0.86

2023-10-10 ARGOS LTD              STEVENAGE     GBR
    Assets:Bank:Monzo:Current Account                 £-24.99
    Expenses:Misc                                     £24.99

2023-10-10 Round up
    Assets:Bank:Monzo:Current Account                 £-0.01
    Assets:Bank:Monzo:Change Pot                      £0.01

2023-10-10 BP STH MIMMS TRUCKSTOP SOUTH MIMMS H GBR
    Assets:Bank:Monzo:Current Account                 £-4.20
    Expenses:Misc                                     £4.20

2023-10-10 Round up
    Assets:Bank:Monzo:Current Account                 £-0.80
    Assets:Bank:Monzo:Change Pot                      £0.80

2023-10-10 Selecta U.K. Limited   South Ruislip GBR
    Assets:Bank:Monzo:Current Account                 £-0.25
    Expenses:Misc                                     £0.25

2023-10-11 Selecta U.K. Limited   South Ruislip GBR
    Assets:Bank:Monzo:Current Account                 £-0.25
    Expenses:Misc                                     £0.25

2023-10-11 Selecta U.K. Limited   South Ruislip GBR
    Assets:Bank:Monzo:Current Account                 £-0.25
    Expenses:Misc                                     £0.25

2023-10-11 Selecta U.K. Limited   South Ruislip GBR
    Assets:Bank:Monzo:Current Account                 £-0.80
    Expenses:Misc                                     £0.80

2023-10-11 Selecta U.K. Limited   South Ruislip GBR
    Assets:Bank:Monzo:Current Account                 £-0.75
    Expenses:Misc                                     £0.75

2023-10-12 MONZO
    Assets:Bank:Monzo:Current Account                 £50.00
    Equity:Transfers                                  £-50.00

2023-10-12 Selecta U.K. Limited   South Ruislip GBR
    Assets:Bank:Monzo:Current Account                 £-0.25
    Expenses:Misc                                     £0.25

2023-10-12 Selecta U.K. Limited   South Ruislip GBR
    Assets:Bank:Monzo:Current Account                 £-0.25
    Expenses:Misc                                     £0.25

2023-10-13 WATFORD CENTRE LIMITED WATFORD       GBR
    Assets:Bank:Monzo:Current Account                 £-3.10
    Expenses:Misc                                     £3.10

2023-10-13 Round up
    Assets:Bank:Monzo:Current Account                 £-0.90
    Assets:Bank:Monzo:Change Pot                      £0.90

2023-10-13
    Assets:Bank:Monzo:Current Account                 £15.00
    Expenses:Misc                                     £-15.00

2023-10-13
    Assets:Bank:Monzo:Current Account                 £-2.50
    Expenses:Misc                                     £2.50

2023-10-15 Microsoft*Microsoft 36 Reading       GBR
    Assets:Bank:Monzo:Current Account                 £-5.99
    Expenses:Misc                                     £5.99

2023-10-15 Round up
    Assets:Bank:Monzo:Current Account                 £-0.01
    Assets:Bank:Monzo:Change Pot                      £0.01

2023-10-15 Selecta U.K. Limited   South Ruislip GBR
    Assets:Bank:Monzo:Current Account                 £-0.25
    Expenses:Misc                                     £0.25

2023-10-15 Selecta U.K. Limited   South Ruislip GBR
    Assets:Bank:Monzo:Current Account                 £-0.25
    Expenses:Misc                                     £0.25

2023-10-15 Selecta U.K. Limited   South Ruislip GBR
    Assets:Bank:Monzo:Current Account                 £-0.80
    Expenses:Misc                                     £0.80

2023-10-15 Selecta U.K. Limited   South Ruislip GBR
    Assets:Bank:Monzo:Current Account                 £-0.25
    Expenses:Misc                                     £0.25

2023-10-16 Selecta U.K. Limited   South Ruislip GBR
    Assets:Bank:Monzo:Current Account                 £-0.25
    Expenses:Misc                                     £0.25

2023-10-16 Selecta U.K. Limited   South Ruislip GBR
    Assets:Bank:Monzo:Current Account                 £-2.40
    Expenses:Misc                                     £2.40

2023-10-16 Round up
    Assets:Bank:Monzo:Current Account                 £-0.60
    Assets:Bank:Monzo:Change Pot                      £0.60

2023-10-17 BP STH MIMMS TRUCKSTOP SOUTH MIMMS H GBR
    Assets:Bank:Monzo:Current Account                 £-5.99
    Expenses:Misc                                     £5.99

2023-10-17 Round up
    Assets:Bank:Monzo:Current Account                 £-0.01
    Assets:Bank:Monzo:Change Pot                      £0.01

2023-10-17 Selecta U.K. Limited   South Ruislip GBR
    Assets:Bank:Monzo:Current Account                 £-0.25
    Expenses:Misc                                     £0.25

2023-10-18 Selecta U.K. Limited   South Ruislip GBR
    Assets:Bank:Monzo:Current Account                 £-0.25
    Expenses:Misc                                     £0.25

2023-10-18 Selecta U.K. Limited   South Ruislip GBR
    Assets:Bank:Monzo:Current Account                 £-0.25
    Expenses:Misc                                     £0.25

2023-10-18 Selecta U.K. Limited   South Ruislip GBR
    Assets:Bank:Monzo:Current Account                 £-0.25
    Expenses:Misc                                     £0.25

2023-10-18 Selecta U.K. Limited   South Ruislip GBR
    Assets:Bank:Monzo:Current Account                 £-0.25
    Expenses:Misc                                     £0.25

2023-10-19 MONZO
    Assets:Bank:Monzo:Current Account                 £50.00
    Equity:Transfers                                  £-50.00

2023-10-19 BP STH MIMMS TRUCKSTOP SOUTH MIMMS H GBR
    Assets:Bank:Monzo:Current Account                 £-5.99
    Expenses:Misc                                     £5.99

2023-10-19 Round up
    Assets:Bank:Monzo:Current Account                 £-0.01
    Assets:Bank:Monzo:Change Pot                      £0.01

2023-10-19 Selecta U.K. Limited   South Ruislip GBR
    Assets:Bank:Monzo:Current Account                 £-0.25
    Expenses:Misc                                     £0.25

2023-10-19 BP STH MIMMS TRUCKSTOP SOUTH MIMMS H GBR
    Assets:Bank:Monzo:Current Account                 £-2.30
    Expenses:Misc                                     £2.30

2023-10-19 Round up
    Assets:Bank:Monzo:Current Account                 £-0.70
    Assets:Bank:Monzo:Change Pot                      £0.70

2023-10-21 APPLE.COM/BILL         APPLE.COM/BIL IRL
    Assets:Bank:Monzo:Current Account                 £0.00
    Expenses:Misc                                     £0.00

2023-10-22
    Assets:Bank:Monzo:Current Account                 £-75.00
    Equity:Transfers                                  £75.00

2023-10-22
    Assets:Bank:Monzo:Current Account                 £3.74
    Expenses:Misc                                     £-3.74

2023-10-22 MNZV6DO25IY6S6SZ
    Assets:Bank:Monzo:Current Account                 £-25.00
    Assets:Bank:Monzo:Oscar Investment                £25.00

2023-10-22 Selecta U.K. Limited   South Ruislip GBR
    Assets:Bank:Monzo:Current Account                 £-0.25
    Expenses:Misc                                     £0.25

2023-10-22 Selecta U.K. Limited   South Ruislip GBR
    Assets:Bank:Monzo:Current Account                 £-0.25
    Expenses:Misc                                     £0.25

2023-10-22 BP STH MIMMS TRUCKSTOP SOUTH MIMMS H GBR
    Assets:Bank:Monzo:Current Account                 £-2.95
    Expenses:Misc                                     £2.95

2023-10-22 Round up
    Assets:Bank:Monzo:Current Account                 £-0.05
    Assets:Bank:Monzo:Change Pot                      £0.05

2023-10-22
    Assets:Bank:Monzo:Oscar Savings                   £75.00
    Equity:Transfers                                  £-75.00

2023-10-23 Selecta U.K. Limited   South Ruislip GBR
    Assets:Bank:Monzo:Current Account                 £-0.25
    Expenses:Misc                                     £0.25

2023-10-23 BP STH MIMMS TRUCKSTOP SOUTH MIMMS H GBR
    Assets:Bank:Monzo:Current Account                 £-8.39
    Expenses:Misc                                     £8.39

2023-10-23 Round up
    Assets:Bank:Monzo:Current Account                 £-0.61
    Assets:Bank:Monzo:Change Pot                      £0.61

2023-10-24 giffgaff               London        GBR
    Assets:Bank:Monzo:Current Account                 £0.00
    Expenses:Misc                                     £0.00

2023-10-24 giffgaff               London        GBR
    Assets:Bank:Monzo:Current Account                 £-10.00
    Expenses:Misc                                     £10.00

2023-10-24 RNP News               Hatfield      GBR
    Assets:Bank:Monzo:Current Account                 £-2.35
    Expenses:Misc                                     £2.35

2023-10-24 Round up
    Assets:Bank:Monzo:Current Account                 £-0.65
    Assets:Bank:Monzo:Change Pot                      £0.65

2023-10-24 AMAZON EU              AMAZON.CO.UK  GBR
    Assets:Bank:Monzo:Current Account                 £0.00
    Expenses:Misc                                     £0.00

2023-10-24 GT TOWING LTD          Hatfield      GBR
    Assets:Bank:Monzo:Current Account                 £-2.99
    Expenses:Misc                                     £2.99

2023-10-24 Round up
    Assets:Bank:Monzo:Current Account                 £-0.01
    Assets:Bank:Monzo:Change Pot                      £0.01

2023-10-24 AMZNMktplace           amazon.co.uk  GBR
    Assets:Bank:Monzo:Current Account                 £-28.84
    Expenses:Misc                                     £28.84

2023-10-24 Round up
    Assets:Bank:Monzo:Current Account                 £-0.16
    Assets:Bank:Monzo:Change Pot                      £0.16

2023-10-24 Evolution Vaping       Sutton Coldfi GBR
    Assets:Bank:Monzo:Current Account                 £-53.43
    Expenses:Misc                                     £53.43

2023-10-24 Round up
    Assets:Bank:Monzo:Current Account                 £-0.57
    Assets:Bank:Monzo:Change Pot                      £0.57

2023-10-24 Selecta U.K. Limited   South Ruislip GBR
    Assets:Bank:Monzo:Current Account                 £-0.25
    Expenses:Misc                                     £0.25

2023-10-24 BP STH MIMMS TRUCKSTOP SOUTH MIMMS H GBR
    Assets:Bank:Monzo:Current Account                 £-1.25
    Expenses:Misc                                     £1.25

2023-10-24 Round up
    Assets:Bank:Monzo:Current Account                 £-0.75
    Assets:Bank:Monzo:Change Pot                      £0.75

2023-10-24 Selecta U.K. Limited   South Ruislip GBR
    Assets:Bank:Monzo:Current Account                 £-0.25
    Expenses:Misc                                     £0.25

2023-10-24 Selecta U.K. Limited   South Ruislip GBR
    Assets:Bank:Monzo:Current Account                 £-0.25
    Expenses:Misc                                     £0.25

2023-10-25 LONDIS                 Hatfield      GBR
    Assets:Bank:Monzo:Current Account                 £-1.49
    Expenses:Misc                                     £1.49

2023-10-25 Round up
    Assets:Bank:Monzo:Current Account                 £-0.51
    Assets:Bank:Monzo:Change Pot                      £0.51

2023-10-25 COSTA COFFEE 43010455  ST. ALBANS    GBR
    Assets:Bank:Monzo:Current Account                 £-4.60
    Expenses:Misc                                     £4.60

2023-10-25 Round up
    Assets:Bank:Monzo:Current Account                 £-0.40
    Assets:Bank:Monzo:Change Pot                      £0.40

2023-10-25 The Maltings Shopping  St Albans     GBR
    Assets:Bank:Monzo:Current Account                 £-2.00
    Expenses:Misc                                     £2.00

2023-10-25 Selecta U.K. Limited   South Ruislip GBR
    Assets:Bank:Monzo:Current Account                 £-0.25
    Expenses:Misc                                     £0.25

2023-10-25 ASDA SUPERSTORE 04406  HATFIELD      GBR
    Assets:Bank:Monzo:Current Account                 £-5.10
    Expenses:Misc                                     £5.10

2023-10-25 Round up
    Assets:Bank:Monzo:Current Account                 £-0.90
    Assets:Bank:Monzo:Change Pot                      £0.90

2023-10-26 MONZO
    Assets:Bank:Monzo:Current Account                 £150.00
    Equity:Transfers                                  £-150.00

2023-10-26 Selecta U.K. Limited   South Ruislip GBR
    Assets:Bank:Monzo:Current Account                 £-0.25
    Expenses:Misc                                     £0.25

2023-10-26 Selecta U.K. Limited   South Ruislip GBR
    Assets:Bank:Monzo:Current Account                 £-0.25
    Expenses:Misc                                     £0.25

2023-10-26 TESCO STORES 2654      HATFIELD      GBR
    Assets:Bank:Monzo:Current Account                 £-5.35
    Expenses:Misc                                     £5.35

2023-10-26 Round up
    Assets:Bank:Monzo:Current Account                 £-0.65
    Assets:Bank:Monzo:Change Pot                      £0.65

2023-10-27
    Assets:Bank:Monzo:Current Account                 £-75.00
    Equity:Transfers                                  £75.00

2023-10-27 MNZ1KCTLI1LGVANH
    Assets:Bank:Monzo:Current Account                 £-25.00
    Assets:Bank:Monzo:Oscar Investment                £25.00

2023-10-27 GOOGLE *TEMPORARY HOLD g.co/helppay# GBR
    Assets:Bank:Monzo:Current Account                 £0.00
    Expenses:Misc                                     £0.00

2023-10-27 Microsoft*Store        Reading       GBR
    Assets:Bank:Monzo:Current Account                 £0.00
    Expenses:Misc                                     £0.00

2023-10-27 Netflix.com            Los Gatos     GBR
    Assets:Bank:Monzo:Current Account                 £0.00
    Expenses:Entertainment:Netflix                                     £0.00

2023-10-27 Selecta U.K. Limited   South Ruislip GBR
    Assets:Bank:Monzo:Current Account                 £-2.40
    Expenses:Misc                                     £2.40

2023-10-27 Round up
    Assets:Bank:Monzo:Current Account                 £-0.60
    Assets:Bank:Monzo:Change Pot                      £0.60

2023-10-27
    Assets:Bank:Monzo:Oscar Savings                   £75.00
    Equity:Transfers                                  £-75.00

2023-10-28
    Assets:Bank:Monzo:Current Account                 £32.72
    Assets:Bank:Monzo:Change Pot                      £-32.72

2023-10-28 MARKS&SPENCER PLC      LONDON COLNEY GBR
    Assets:Bank:Monzo:Current Account                 £-1.50
    Expenses:Misc                                     £1.50

2023-10-28 Round up
    Assets:Bank:Monzo:Current Account                 £-0.50
    Assets:Bank:Monzo:Change Pot                      £0.50

2023-10-28 COSTA COFFEE 43011233  ST. ALBANS    GBR
    Assets:Bank:Monzo:Current Account                 £-15.15
    Expenses:Misc                                     £15.15

2023-10-28 Round up
    Assets:Bank:Monzo:Current Account                 £-0.85
    Assets:Bank:Monzo:Change Pot                      £0.85

2023-10-29 Selecta U.K. Limited   South Ruislip GBR
    Assets:Bank:Monzo:Current Account                 £-0.25
    Expenses:Misc                                     £0.25

2023-10-30 BP STH MIMMS TRUCKSTOP SOUTH MIMMS H GBR
    Assets:Bank:Monzo:Current Account                 £-4.45
    Expenses:Misc                                     £4.45

2023-10-30 Round up
    Assets:Bank:Monzo:Current Account                 £-0.55
    Assets:Bank:Monzo:Change Pot                      £0.55

2023-10-30 Selecta U.K. Limited   South Ruislip GBR
    Assets:Bank:Monzo:Current Account                 £-0.25
    Expenses:Misc                                     £0.25

2023-10-30 Selecta U.K. Limited   South Ruislip GBR
    Assets:Bank:Monzo:Current Account                 £-2.40
    Expenses:Misc                                     £2.40

2023-10-30 Round up
    Assets:Bank:Monzo:Current Account                 £-0.60
    Assets:Bank:Monzo:Change Pot                      £0.60

2023-10-31 SP NATIONWIDE TRAILE   +441977285660 GBR
    Assets:Bank:Monzo:Current Account                 £-24.79
    Expenses:Misc                                     £24.79

2023-10-31 Round up
    Assets:Bank:Monzo:Current Account                 £-0.21
    Assets:Bank:Monzo:Change Pot                      £0.21

2023-10-31 Selecta U.K. Limited   South Ruislip GBR
    Assets:Bank:Monzo:Current Account                 £-0.25
    Expenses:Misc                                     £0.25

2023-10-31 Selecta U.K. Limited   South Ruislip GBR
    Assets:Bank:Monzo:Current Account                 £-0.25
    Expenses:Misc                                     £0.25

2023-10-31 Selecta U.K. Limited   South Ruislip GBR
    Assets:Bank:Monzo:Current Account                 £-2.40
    Expenses:Misc                                     £2.40

2023-10-31 Round up
    Assets:Bank:Monzo:Current Account                 £-0.60
    Assets:Bank:Monzo:Change Pot                      £0.60

2023-11-01 Selecta U.K. Limited   South Ruislip GBR
    Assets:Bank:Monzo:Current Account                 £-0.25
    Expenses:Misc                                     £0.25

2023-11-01 Selecta U.K. Limited   South Ruislip GBR
    Assets:Bank:Monzo:Current Account                 £-2.20
    Expenses:Misc                                     £2.20

2023-11-01 Round up
    Assets:Bank:Monzo:Current Account                 £-0.80
    Assets:Bank:Monzo:Change Pot                      £0.80

2023-11-01 Selecta U.K. Limited   South Ruislip GBR
    Assets:Bank:Monzo:Current Account                 £-0.25
    Expenses:Misc                                     £0.25

2023-11-01 MCDONALDS              NORTHAMPTON   GBR
    Assets:Bank:Monzo:Current Account                 £-4.79
    Expenses:Misc                                     £4.79

2023-11-01 Round up
    Assets:Bank:Monzo:Current Account                 £-0.21
    Assets:Bank:Monzo:Change Pot                      £0.21

2023-11-01
    Assets:Bank:Monzo:Oscar Savings                   £0.09
    Equity:Interest Payments:Monzo:Oscar Savings Pot  £-0.09

2023-11-02 MONZO
    Assets:Bank:Monzo:Current Account                 £150.00
    Equity:Transfers                                  £-150.00

2023-11-02 NETFLIX.COM            18665797172   GBR
    Assets:Bank:Monzo:Current Account                 £-10.99
    Expenses:Entertainment:Netflix                                     £10.99

2023-11-02 Round up
    Assets:Bank:Monzo:Current Account                 £-0.01
    Assets:Bank:Monzo:Change Pot                      £0.01

2023-11-02 Selecta U.K. Limited   South Ruislip GBR
    Assets:Bank:Monzo:Current Account                 £-0.25
    Expenses:Misc                                     £0.25

2023-11-02 Selecta U.K. Limited   South Ruislip GBR
    Assets:Bank:Monzo:Current Account                 £-0.80
    Expenses:Misc                                     £0.80

2023-11-02 Selecta U.K. Limited   South Ruislip GBR
    Assets:Bank:Monzo:Current Account                 £-0.75
    Expenses:Misc                                     £0.75

2023-11-02 Selecta U.K. Limited   South Ruislip GBR
    Assets:Bank:Monzo:Current Account                 £-0.25
    Expenses:Misc                                     £0.25

2023-11-02 Selecta U.K. Limited   South Ruislip GBR
    Assets:Bank:Monzo:Current Account                 £-0.25
    Expenses:Misc                                     £0.25

2023-11-02 Selecta U.K. Limited   South Ruislip GBR
    Assets:Bank:Monzo:Current Account                 £-2.40
    Expenses:Misc                                     £2.40

2023-11-02 Round up
    Assets:Bank:Monzo:Current Account                 £-0.60
    Assets:Bank:Monzo:Change Pot                      £0.60

2023-11-02 Selecta U.K. Limited   South Ruislip GBR
    Assets:Bank:Monzo:Current Account                 £-2.40
    Expenses:Misc                                     £2.40

2023-11-02 Round up
    Assets:Bank:Monzo:Current Account                 £-0.60
    Assets:Bank:Monzo:Change Pot                      £0.60

2023-11-03
    Assets:Bank:Monzo:Current Account                 £-75.00
    Equity:Transfers                                  £75.00

2023-11-03 MNZQJR0JLS53AKEB
    Assets:Bank:Monzo:Current Account                 £-25.00
    Assets:Bank:Monzo:Oscar Investment                £25.00

2023-11-03
    Assets:Bank:Monzo:Oscar Savings                   £75.00
    Equity:Transfers                                  £-75.00

2023-11-04 AMAZON UK RETAIL       WWW.AMAZON.CO LUX
    Assets:Bank:Monzo:Current Account                 £-16.23
    Expenses:Misc                                     £16.23

2023-11-04 Round up
    Assets:Bank:Monzo:Current Account                 £-0.77
    Assets:Bank:Monzo:Change Pot                      £0.77

2023-11-04 GTR PARKING CONNECT EC UXBRIDGE      GBR
    Assets:Bank:Monzo:Current Account                 £-3.20
    Expenses:Misc                                     £3.20

2023-11-04 Round up
    Assets:Bank:Monzo:Current Account                 £-0.80
    Assets:Bank:Monzo:Change Pot                      £0.80

2023-11-04 TSGN                   POTTERS BAR   GBR
    Assets:Bank:Monzo:Current Account                 £-17.60
    Expenses:Misc                                     £17.60

2023-11-04 Round up
    Assets:Bank:Monzo:Current Account                 £-0.40
    Assets:Bank:Monzo:Change Pot                      £0.40

2023-11-04 Cafe Rosso             Potters Bar   GBR
    Assets:Bank:Monzo:Current Account                 £-1.65
    Expenses:Misc                                     £1.65

2023-11-04 Round up
    Assets:Bank:Monzo:Current Account                 £-0.35
    Assets:Bank:Monzo:Change Pot                      £0.35

2023-11-04 HAMMERSMITH KINGS STRE LONDON        GBR
    Assets:Bank:Monzo:Current Account                 £-3.60
    Expenses:Misc                                     £3.60

2023-11-04 Round up
    Assets:Bank:Monzo:Current Account                 £-0.40
    Assets:Bank:Monzo:Change Pot                      £0.40

2023-11-04 COSTA COFFEE 43011936  LONDON        GBR
    Assets:Bank:Monzo:Current Account                 £-7.60
    Expenses:Misc                                     £7.60

2023-11-04 Round up
    Assets:Bank:Monzo:Current Account                 £-0.40
    Assets:Bank:Monzo:Change Pot                      £0.40

2023-11-04 MONZO
    Assets:Bank:Monzo:Current Account                 £150.00
    Equity:Transfers                                  £-150.00

2023-11-04 TESCO STORES 2613      HAMMERSMITH   GBR
    Assets:Bank:Monzo:Current Account                 £-2.25
    Expenses:Misc                                     £2.25

2023-11-04 Round up
    Assets:Bank:Monzo:Current Account                 £-0.75
    Assets:Bank:Monzo:Change Pot                      £0.75

2023-11-04 95 KING STREET         HAMMERSMITH   GBR
    Assets:Bank:Monzo:Current Account                 £-100.00
    Expenses:Misc                                     £100.00

2023-11-04 TESCO STORES 3050      POTTERS BAR 2 GBR
    Assets:Bank:Monzo:Current Account                 £-3.94
    Expenses:Misc                                     £3.94

2023-11-04 Round up
    Assets:Bank:Monzo:Current Account                 £-0.06
    Assets:Bank:Monzo:Change Pot                      £0.06

2023-11-05 Selecta U.K. Limited   South Ruislip GBR
    Assets:Bank:Monzo:Current Account                 £-0.25
    Expenses:Misc                                     £0.25

2023-11-05 Selecta U.K. Limited   South Ruislip GBR
    Assets:Bank:Monzo:Current Account                 £-0.25
    Expenses:Misc                                     £0.25

2023-11-05 CO-OP GROUP FOOD RETAI HATFIELD      GBR
    Assets:Bank:Monzo:Current Account                 £-3.35
    Expenses:Misc                                     £3.35

2023-11-05 Round up
    Assets:Bank:Monzo:Current Account                 £-0.65
    Assets:Bank:Monzo:Change Pot                      £0.65

2023-11-06 Selecta U.K. Limited   South Ruislip GBR
    Assets:Bank:Monzo:Current Account                 £-0.25
    Expenses:Misc                                     £0.25

2023-11-06 Selecta U.K. Limited   South Ruislip GBR
    Assets:Bank:Monzo:Current Account                 £-0.25
    Expenses:Misc                                     £0.25

2023-11-07 MONZO
    Assets:Bank:Monzo:Current Account                 £200.00
    Equity:Transfers                                  £-200.00

2023-11-07 ASDA HATFIELD 1        HATFIELD      GBR
    Assets:Bank:Monzo:Current Account                 £-201.50
    Expenses:Misc                                     £201.50

2023-11-07 Round up
    Assets:Bank:Monzo:Current Account                 £-0.50
    Assets:Bank:Monzo:Change Pot                      £0.50

2023-11-07 GOOGLE *YouTubePremium 650-253-0000  GBR
    Assets:Bank:Monzo:Current Account                 £-12.99
    Expenses:Entertainment:Youtube Premium                                     £12.99

2023-11-07 Round up
    Assets:Bank:Monzo:Current Account                 £-0.01
    Assets:Bank:Monzo:Change Pot                      £0.01

2023-11-07 Selecta U.K. Limited   South Ruislip GBR
    Assets:Bank:Monzo:Current Account                 £-0.25
    Expenses:Misc                                     £0.25

2023-11-07 Selecta U.K. Limited   South Ruislip GBR
    Assets:Bank:Monzo:Current Account                 £-0.25
    Expenses:Misc                                     £0.25

2023-11-08 WELCOME BREAK-COBHAM   COBHAM        GBR
    Assets:Bank:Monzo:Current Account                 £-5.10
    Expenses:Misc                                     £5.10

2023-11-08 Round up
    Assets:Bank:Monzo:Current Account                 £-0.90
    Assets:Bank:Monzo:Change Pot                      £0.90

2023-11-08 Selecta U.K. Limited   South Ruislip GBR
    Assets:Bank:Monzo:Current Account                 £-1.50
    Expenses:Misc                                     £1.50

2023-11-08 Round up
    Assets:Bank:Monzo:Current Account                 £-0.50
    Assets:Bank:Monzo:Change Pot                      £0.50

2023-11-09 MONZO
    Assets:Bank:Monzo:Current Account                 £150.00
    Equity:Transfers                                  £-150.00

2023-11-09 RNP News               Hatfield      GBR
    Assets:Bank:Monzo:Current Account                 £-3.40
    Expenses:Misc                                     £3.40

2023-11-09 Round up
    Assets:Bank:Monzo:Current Account                 £-0.60
    Assets:Bank:Monzo:Change Pot                      £0.60

2023-11-09 Selecta U.K. Limited   South Ruislip GBR
    Assets:Bank:Monzo:Current Account                 £-0.80
    Expenses:Misc                                     £0.80

2023-11-09
    Assets:Bank:Monzo:Current Account                 £-25.93
    Expenses:Misc                                     £25.93

2023-11-09 Selecta U.K. Limited   South Ruislip GBR
    Assets:Bank:Monzo:Current Account                 £-1.50
    Expenses:Misc                                     £1.50

2023-11-09 Round up
    Assets:Bank:Monzo:Current Account                 £-0.50
    Assets:Bank:Monzo:Change Pot                      £0.50

2023-11-09 BP STH MIMMS TRUCKSTOP SOUTH MIMMS H GBR
    Assets:Bank:Monzo:Current Account                 £-10.00
    Expenses:Misc                                     £10.00

2023-11-09 WELCOME BREAK-COBHAM   COBHAM        GBR
    Assets:Bank:Monzo:Current Account                 £-3.50
    Expenses:Misc                                     £3.50

2023-11-09 Round up
    Assets:Bank:Monzo:Current Account                 £-0.50
    Assets:Bank:Monzo:Change Pot                      £0.50

2023-11-10
    Assets:Bank:Monzo:Current Account                 £-75.00
    Equity:Transfers                                  £75.00

2023-11-10 MNZOTPR3T23PD9W1
    Assets:Bank:Monzo:Current Account                 £-25.00
    Assets:Bank:Monzo:Oscar Investment                £25.00

2023-11-10 SAINSBURYS - COLNEY PA ST ALBANS     GBR
    Assets:Bank:Monzo:Current Account                 £-1.00
    Expenses:Misc                                     £1.00

2023-11-10 Selecta U.K. Limited   South Ruislip GBR
    Assets:Bank:Monzo:Current Account                 £-2.40
    Expenses:Misc                                     £2.40

2023-11-10 Round up
    Assets:Bank:Monzo:Current Account                 £-0.60
    Assets:Bank:Monzo:Change Pot                      £0.60

2023-11-10 SELECTA U.K. LIMITED   LONDON        GBR
    Assets:Bank:Monzo:Current Account                 £-0.50
    Expenses:Misc                                     £0.50

2023-11-10 MONZO
    Assets:Bank:Monzo:Current Account                 £50.00
    Equity:Transfers                                  £-50.00

2023-11-10 WELCOME BREAK-COBHAM   COBHAM        GBR
    Assets:Bank:Monzo:Current Account                 £-14.40
    Expenses:Misc                                     £14.40

2023-11-10 Round up
    Assets:Bank:Monzo:Current Account                 £-0.60
    Assets:Bank:Monzo:Change Pot                      £0.60

2023-11-10 M&S SIMPLY FOOD        COBHAM SERVIC GBR
    Assets:Bank:Monzo:Current Account                 £-3.00
    Expenses:Misc                                     £3.00

2023-11-10
    Assets:Bank:Monzo:Oscar Savings                   £75.00
    Equity:Transfers                                  £-75.00

2023-11-11
    Assets:Bank:Monzo:Current Account                 £5.00
    Expenses:Misc                                     £-5.00

2023-11-12 SELECTA U.K. LIMITED   LONDON        GBR
    Assets:Bank:Monzo:Current Account                 £-0.50
    Expenses:Misc                                     £0.50

2023-11-12 SELECTA U.K. LIMITED   LONDON        GBR
    Assets:Bank:Monzo:Current Account                 £-0.50
    Expenses:Misc                                     £0.50

2023-11-12 Selecta U.K. Limited   South Ruislip GBR
    Assets:Bank:Monzo:Current Account                 £-2.20
    Expenses:Misc                                     £2.20

2023-11-12 Round up
    Assets:Bank:Monzo:Current Account                 £-0.80
    Assets:Bank:Monzo:Change Pot                      £0.80

2023-11-12 SELECTA U.K. LIMITED   LONDON        GBR
    Assets:Bank:Monzo:Current Account                 £-0.50
    Expenses:Misc                                     £0.50

2023-11-13 Selecta U.K. Limited   South Ruislip GBR
    Assets:Bank:Monzo:Current Account                 £-1.30
    Expenses:Misc                                     £1.30

2023-11-13 Round up
    Assets:Bank:Monzo:Current Account                 £-0.70
    Assets:Bank:Monzo:Change Pot                      £0.70

2023-11-13 SELECTA U.K. LIMITED   LONDON        GBR
    Assets:Bank:Monzo:Current Account                 £-0.50
    Expenses:Misc                                     £0.50

2023-11-13 SELECTA U.K. LIMITED   LONDON        GBR
    Assets:Bank:Monzo:Current Account                 £-0.50
    Expenses:Misc                                     £0.50

2023-11-13 Selecta U.K. Limited   South Ruislip GBR
    Assets:Bank:Monzo:Current Account                 £-2.40
    Expenses:Misc                                     £2.40

2023-11-13 Round up
    Assets:Bank:Monzo:Current Account                 £-0.60
    Assets:Bank:Monzo:Change Pot                      £0.60

2023-11-13 SELECTA U.K. LIMITED   LONDON        GBR
    Assets:Bank:Monzo:Current Account                 £-0.50
    Expenses:Misc                                     £0.50

2023-11-13 SELECTA U.K. LIMITED   LONDON        GBR
    Assets:Bank:Monzo:Current Account                 £-0.50
    Expenses:Misc                                     £0.50

2023-11-13 SELECTA U.K. LIMITED   LONDON        GBR
    Assets:Bank:Monzo:Current Account                 £-0.50
    Expenses:Misc                                     £0.50

2023-11-13 Selecta U.K. Limited   South Ruislip GBR
    Assets:Bank:Monzo:Current Account                 £-2.40
    Expenses:Misc                                     £2.40

2023-11-13 Round up
    Assets:Bank:Monzo:Current Account                 £-0.60
    Assets:Bank:Monzo:Change Pot                      £0.60

2023-11-14 SELECTA U.K. LIMITED   LONDON        GBR
    Assets:Bank:Monzo:Current Account                 £-0.50
    Expenses:Misc                                     £0.50

2023-11-14
    Assets:Bank:Monzo:Current Account                 £17.03
    Assets:Bank:Monzo:Change Pot                      £-17.03

2023-11-14 SELECTA U.K. LIMITED   LONDON        GBR
    Assets:Bank:Monzo:Current Account                 £-0.50
    Expenses:Misc                                     £0.50

2023-11-14 SELECTA U.K. LIMITED   LONDON        GBR
    Assets:Bank:Monzo:Current Account                 £-0.50
    Expenses:Misc                                     £0.50

2023-11-14 Selecta U.K. Limited   South Ruislip GBR
    Assets:Bank:Monzo:Current Account                 £-0.25
    Expenses:Misc                                     £0.25

2023-11-14 Selecta U.K. Limited   South Ruislip GBR
    Assets:Bank:Monzo:Current Account                 £-0.25
    Expenses:Misc                                     £0.25

2023-11-14 SELECTA U.K. LIMITED   LONDON        GBR
    Assets:Bank:Monzo:Current Account                 £-0.50
    Expenses:Misc                                     £0.50

2023-11-14 SELECTA U.K. LIMITED   LONDON        GBR
    Assets:Bank:Monzo:Current Account                 £-0.50
    Expenses:Misc                                     £0.50

2023-11-15 Microsoft*Microsoft 36 msbill.info   GBR
    Assets:Bank:Monzo:Current Account                 £-5.99
    Expenses:Misc                                     £5.99

2023-11-15 Round up
    Assets:Bank:Monzo:Current Account                 £-0.01
    Assets:Bank:Monzo:Change Pot                      £0.01

2023-11-15 SELECTA U.K. LIMITED   LONDON        GBR
    Assets:Bank:Monzo:Current Account                 £-0.50
    Expenses:Misc                                     £0.50

2023-11-15 SELECTA U.K. LIMITED   LONDON        GBR
    Assets:Bank:Monzo:Current Account                 £-0.50
    Expenses:Misc                                     £0.50

2023-11-15 SELECTA U.K. LIMITED   LONDON        GBR
    Assets:Bank:Monzo:Current Account                 £-0.50
    Expenses:Misc                                     £0.50

2023-11-15 SELECTA U.K. LIMITED   LONDON        GBR
    Assets:Bank:Monzo:Current Account                 £-0.50
    Expenses:Misc                                     £0.50

2023-11-15 SELECTA U.K. LIMITED   LONDON        GBR
    Assets:Bank:Monzo:Current Account                 £-0.50
    Expenses:Misc                                     £0.50

2023-11-15 SELECTA U.K. LIMITED   LONDON        GBR
    Assets:Bank:Monzo:Current Account                 £-0.50
    Expenses:Misc                                     £0.50

2023-11-15 Selecta U.K. Limited   South Ruislip GBR
    Assets:Bank:Monzo:Current Account                 £-2.20
    Expenses:Misc                                     £2.20

2023-11-15 Round up
    Assets:Bank:Monzo:Current Account                 £-0.80
    Assets:Bank:Monzo:Change Pot                      £0.80

2023-11-16 MONZO
    Assets:Bank:Monzo:Current Account                 £150.00
    Equity:Transfers                                  £-150.00

2023-11-16 SELECTA U.K. LIMITED   LONDON        GBR
    Assets:Bank:Monzo:Current Account                 £-0.50
    Expenses:Misc                                     £0.50

2023-11-16 SELECTA U.K. LIMITED   LONDON        GBR
    Assets:Bank:Monzo:Current Account                 £-0.50
    Expenses:Misc                                     £0.50

2023-11-16 SELECTA U.K. LIMITED   LONDON        GBR
    Assets:Bank:Monzo:Current Account                 £-0.50
    Expenses:Misc                                     £0.50

2023-11-16 Selecta U.K. Limited   South Ruislip GBR
    Assets:Bank:Monzo:Current Account                 £-2.40
    Expenses:Misc                                     £2.40

2023-11-16 Round up
    Assets:Bank:Monzo:Current Account                 £-0.60
    Assets:Bank:Monzo:Change Pot                      £0.60

2023-11-17
    Assets:Bank:Monzo:Current Account                 £-75.00
    Equity:Transfers                                  £75.00

2023-11-17 MNZ70PSZGOTNRAVR
    Assets:Bank:Monzo:Current Account                 £-25.00
    Assets:Bank:Monzo:Oscar Investment                £25.00

2023-11-17 SELECTA U.K. LIMITED   LONDON        GBR
    Assets:Bank:Monzo:Current Account                 £-0.50
    Expenses:Misc                                     £0.50

2023-11-17
    Assets:Bank:Monzo:Oscar Savings                   £75.00
    Equity:Transfers                                  £-75.00

2023-11-18 RNP News               Hatfield      GBR
    Assets:Bank:Monzo:Current Account                 £-1.65
    Expenses:Misc                                     £1.65

2023-11-18 Round up
    Assets:Bank:Monzo:Current Account                 £-0.35
    Assets:Bank:Monzo:Change Pot                      £0.35

2023-11-18 CAFFE NERO POTTERS BAR LONDON        GBR
    Assets:Bank:Monzo:Current Account                 £-3.45
    Expenses:Misc                                     £3.45

2023-11-18 Round up
    Assets:Bank:Monzo:Current Account                 £-0.55
    Assets:Bank:Monzo:Change Pot                      £0.55

2023-11-19 SELECTA U.K. LIMITED   LONDON        GBR
    Assets:Bank:Monzo:Current Account                 £-0.50
    Expenses:Misc                                     £0.50

2023-11-19 SELECTA U.K. LIMITED   LONDON        GBR
    Assets:Bank:Monzo:Current Account                 £-0.50
    Expenses:Misc                                     £0.50

2023-11-20 SELECTA U.K. LIMITED   LONDON        GBR
    Assets:Bank:Monzo:Current Account                 £-0.50
    Expenses:Misc                                     £0.50

2023-11-20 Selecta U.K. Limited   South Ruislip GBR
    Assets:Bank:Monzo:Current Account                 £-2.30
    Expenses:Misc                                     £2.30

2023-11-20 Round up
    Assets:Bank:Monzo:Current Account                 £-0.70
    Assets:Bank:Monzo:Change Pot                      £0.70

2023-11-20 Selecta U.K. Limited   South Ruislip GBR
    Assets:Bank:Monzo:Current Account                 £2.30
    Expenses:Misc                                     £-2.30

2023-11-20 SELECTA U.K. LIMITED   LONDON        GBR
    Assets:Bank:Monzo:Current Account                 £-0.50
    Expenses:Misc                                     £0.50

2023-11-20 SELECTA U.K. LIMITED   LONDON        GBR
    Assets:Bank:Monzo:Current Account                 £-0.50
    Expenses:Misc                                     £0.50

2023-11-20 SELECTA U.K. LIMITED   LONDON        GBR
    Assets:Bank:Monzo:Current Account                 £-0.50
    Expenses:Misc                                     £0.50

2023-11-20 Selecta U.K. Limited   South Ruislip GBR
    Assets:Bank:Monzo:Current Account                 £-0.25
    Expenses:Misc                                     £0.25

2023-11-21 SELECTA U.K. LIMITED   LONDON        GBR
    Assets:Bank:Monzo:Current Account                 £-0.50
    Expenses:Misc                                     £0.50

2023-11-21 AMZNMktplace           amazon.co.uk  GBR
    Assets:Bank:Monzo:Current Account                 £-24.09
    Expenses:Misc                                     £24.09

2023-11-21 Round up
    Assets:Bank:Monzo:Current Account                 £-0.91
    Assets:Bank:Monzo:Change Pot                      £0.91

2023-11-21 SELECTA U.K. LIMITED   LONDON        GBR
    Assets:Bank:Monzo:Current Account                 £-0.50
    Expenses:Misc                                     £0.50

2023-11-21 SELECTA U.K. LIMITED   LONDON        GBR
    Assets:Bank:Monzo:Current Account                 £-0.50
    Expenses:Misc                                     £0.50

2023-11-22 SELECTA U.K. LIMITED   LONDON        GBR
    Assets:Bank:Monzo:Current Account                 £-0.50
    Expenses:Misc                                     £0.50

2023-11-22 SELECTA U.K. LIMITED   LONDON        GBR
    Assets:Bank:Monzo:Current Account                 £-0.50
    Expenses:Misc                                     £0.50

2023-11-22 The Maltings Shopping  St Albans     GBR
    Assets:Bank:Monzo:Current Account                 £-2.00
    Expenses:Misc                                     £2.00

2023-11-22 SELECTA U.K. LIMITED   LONDON        GBR
    Assets:Bank:Monzo:Current Account                 £-0.50
    Expenses:Misc                                     £0.50

2023-11-22 SELECTA U.K. LIMITED   LONDON        GBR
    Assets:Bank:Monzo:Current Account                 £-0.50
    Expenses:Misc                                     £0.50

2023-11-22 SELECTA U.K. LIMITED   LONDON        GBR
    Assets:Bank:Monzo:Current Account                 £-0.50
    Expenses:Misc                                     £0.50

2023-11-22 WELCOME BREAK-COBHAM   COBHAM        GBR
    Assets:Bank:Monzo:Current Account                 £-4.50
    Expenses:Misc                                     £4.50

2023-11-22 Round up
    Assets:Bank:Monzo:Current Account                 £-0.50
    Assets:Bank:Monzo:Change Pot                      £0.50

2023-11-23 BP STH MIMMS TRUCKSTOP SOUTH MIMMS H GBR
    Assets:Bank:Monzo:Current Account                 £-5.00
    Expenses:Misc                                     £5.00

2023-11-23 MONZO
    Assets:Bank:Monzo:Current Account                 £40.00
    Equity:Transfers                                  £-40.00

2023-11-23 ASDA HATFIELD 1        HATFIELD      GBR
    Assets:Bank:Monzo:Current Account                 £-41.20
    Expenses:Misc                                     £41.20

2023-11-23 Round up
    Assets:Bank:Monzo:Current Account                 £-0.80
    Assets:Bank:Monzo:Change Pot                      £0.80

2023-11-23 MONZO
    Assets:Bank:Monzo:Current Account                 £150.00
    Equity:Transfers                                  £-150.00

2023-11-23 SHELL Hemel Hempstead  HemelHempstd  GBR
    Assets:Bank:Monzo:Current Account                 £-2.20
    Expenses:Misc                                     £2.20

2023-11-23 Round up
    Assets:Bank:Monzo:Current Account                 £-0.80
    Assets:Bank:Monzo:Change Pot                      £0.80

2023-11-23 SELECTA U.K. LIMITED   LONDON        GBR
    Assets:Bank:Monzo:Current Account                 £-0.50
    Expenses:Misc                                     £0.50

2023-11-23 SELECTA U.K. LIMITED   LONDON        GBR
    Assets:Bank:Monzo:Current Account                 £-0.50
    Expenses:Misc                                     £0.50

2023-11-23 SELECTA U.K. LIMITED   LONDON        GBR
    Assets:Bank:Monzo:Current Account                 £-0.50
    Expenses:Misc                                     £0.50

2023-11-23 WELCOME BREAK-COBHAM   COBHAM        GBR
    Assets:Bank:Monzo:Current Account                 £-4.50
    Expenses:Misc                                     £4.50

2023-11-23 Round up
    Assets:Bank:Monzo:Current Account                 £-0.50
    Assets:Bank:Monzo:Change Pot                      £0.50

2023-11-23 SELECTA U.K. LIMITED   LONDON        GBR
    Assets:Bank:Monzo:Current Account                 £-0.50
    Expenses:Misc                                     £0.50

2023-11-23 giffgaff               London        GBR
    Assets:Bank:Monzo:Current Account                 £-10.00
    Expenses:Misc                                     £10.00

2023-11-23 Selecta U.K. Limited   South Ruislip GBR
    Assets:Bank:Monzo:Current Account                 £-1.50
    Expenses:Misc                                     £1.50

2023-11-23 Round up
    Assets:Bank:Monzo:Current Account                 £-0.50
    Assets:Bank:Monzo:Change Pot                      £0.50

2023-11-24
    Assets:Bank:Monzo:Current Account                 £-75.00
    Equity:Transfers                                  £75.00

2023-11-24 MNZMJDJHAP4TV86Q
    Assets:Bank:Monzo:Current Account                 £-25.00
    Assets:Bank:Monzo:Oscar Investment                £25.00

2023-11-24 SELECTA U.K. LIMITED   LONDON        GBR
    Assets:Bank:Monzo:Current Account                 £-0.50
    Expenses:Misc                                     £0.50

2023-11-24 SELECTA U.K. LIMITED   LONDON        GBR
    Assets:Bank:Monzo:Current Account                 £-0.50
    Expenses:Misc                                     £0.50

2023-11-24 Selecta U.K. Limited   South Ruislip GBR
    Assets:Bank:Monzo:Current Account                 £-2.40
    Expenses:Misc                                     £2.40

2023-11-24 Round up
    Assets:Bank:Monzo:Current Account                 £-0.60
    Assets:Bank:Monzo:Change Pot                      £0.60

2023-11-24 Selecta U.K. Limited   South Ruislip GBR
    Assets:Bank:Monzo:Current Account                 £2.40
    Expenses:Misc                                     £-2.40

2023-11-24 WELCOME BREAK-COBHAM   COBHAM        GBR
    Assets:Bank:Monzo:Current Account                 £-9.80
    Expenses:Misc                                     £9.80

2023-11-24 Round up
    Assets:Bank:Monzo:Current Account                 £-0.20
    Assets:Bank:Monzo:Change Pot                      £0.20

2023-11-24 M&S SIMPLY FOOD        COBHAM SERVIC GBR
    Assets:Bank:Monzo:Current Account                 £-3.00
    Expenses:Misc                                     £3.00

2023-11-24 Selecta U.K. Limited   South Ruislip GBR
    Assets:Bank:Monzo:Current Account                 £-0.25
    Expenses:Misc                                     £0.25

2023-11-24
    Assets:Bank:Monzo:Oscar Savings                   £75.00
    Equity:Transfers                                  £-75.00

2023-11-25 Selecta U.K. Limited   South Ruislip GBR
    Assets:Bank:Monzo:Current Account                 £-1.50
    Expenses:Misc                                     £1.50

2023-11-25 Round up
    Assets:Bank:Monzo:Current Account                 £-0.50
    Assets:Bank:Monzo:Change Pot                      £0.50

2023-11-25 SELECTA U.K. LIMITED   LONDON        GBR
    Assets:Bank:Monzo:Current Account                 £-0.50
    Expenses:Misc                                     £0.50

2023-11-25 SELECTA U.K. LIMITED   LONDON        GBR
    Assets:Bank:Monzo:Current Account                 £-0.50
    Expenses:Misc                                     £0.50

2023-11-26 DISCOUNTDRAGON.CO.UK   +441942672246 GBR
    Assets:Bank:Monzo:Current Account                 £-27.92
    Expenses:Misc                                     £27.92

2023-11-26 Round up
    Assets:Bank:Monzo:Current Account                 £-0.08
    Assets:Bank:Monzo:Change Pot                      £0.08

2023-11-26 Selecta U.K. Limited   South Ruislip GBR
    Assets:Bank:Monzo:Current Account                 £-0.25
    Expenses:Misc                                     £0.25

2023-11-26 Selecta U.K. Limited   South Ruislip GBR
    Assets:Bank:Monzo:Current Account                 £-0.25
    Expenses:Misc                                     £0.25

2023-11-26 Selecta U.K. Limited   South Ruislip GBR
    Assets:Bank:Monzo:Current Account                 £-0.50
    Expenses:Misc                                     £0.50

2023-11-27 MONZO
    Assets:Bank:Monzo:Current Account                 £50.00
    Equity:Transfers                                  £-50.00

2023-11-27
    Assets:Bank:Monzo:Current Account                 £-37.00
    Expenses:Misc                                     £37.00

2023-11-27 SELECTA U.K. LIMITED   LONDON        GBR
    Assets:Bank:Monzo:Current Account                 £-0.50
    Expenses:Misc                                     £0.50

2023-11-27 SELECTA U.K. LIMITED   LONDON        GBR
    Assets:Bank:Monzo:Current Account                 £-0.50
    Expenses:Misc                                     £0.50

2023-11-27 Selecta U.K. Limited   South Ruislip GBR
    Assets:Bank:Monzo:Current Account                 £-0.25
    Expenses:Misc                                     £0.25

2023-11-27 Selecta U.K. Limited   South Ruislip GBR
    Assets:Bank:Monzo:Current Account                 £-0.50
    Expenses:Misc                                     £0.50

2023-11-28 SELECTA U.K. LIMITED   LONDON        GBR
    Assets:Bank:Monzo:Current Account                 £-0.50
    Expenses:Misc                                     £0.50

2023-11-28 SELECTA U.K. LIMITED   LONDON        GBR
    Assets:Bank:Monzo:Current Account                 £0.50
    Expenses:Misc                                     £-0.50

2023-11-28 SELECTA U.K. LIMITED   LONDON        GBR
    Assets:Bank:Monzo:Current Account                 £-0.50
    Expenses:Misc                                     £0.50

2023-11-28 SELECTA U.K. LIMITED   LONDON        GBR
    Assets:Bank:Monzo:Current Account                 £-0.50
    Expenses:Misc                                     £0.50

2023-11-28 SELECTA U.K. LIMITED   LONDON        GBR
    Assets:Bank:Monzo:Current Account                 £-0.50
    Expenses:Misc                                     £0.50

2023-11-28 Selecta U.K. Limited   South Ruislip GBR
    Assets:Bank:Monzo:Current Account                 £-0.25
    Expenses:Misc                                     £0.25

2023-11-28 Selecta U.K. Limited   South Ruislip GBR
    Assets:Bank:Monzo:Current Account                 £-0.25
    Expenses:Misc                                     £0.25

2023-11-28 SELECTA U.K. LIMITED   LONDON        GBR
    Assets:Bank:Monzo:Current Account                 £-0.50
    Expenses:Misc                                     £0.50

2023-11-28 BP STH MIMMS TRUCKSTOP SOUTH MIMMS H GBR
    Assets:Bank:Monzo:Current Account                 £-8.00
    Expenses:Misc                                     £8.00

2023-11-28 SELECTA U.K. LIMITED   LONDON        GBR
    Assets:Bank:Monzo:Current Account                 £-0.50
    Expenses:Misc                                     £0.50

2023-11-28 SELECTA U.K. LIMITED   LONDON        GBR
    Assets:Bank:Monzo:Current Account                 £-0.50
    Expenses:Misc                                     £0.50

2023-11-28 Funky Pigeon           Bristol       GBR
    Assets:Bank:Monzo:Current Account                 £-5.14
    Expenses:Misc                                     £5.14

2023-11-28 Round up
    Assets:Bank:Monzo:Current Account                 £-0.86
    Assets:Bank:Monzo:Change Pot                      £0.86

2023-11-29
    Assets:Bank:Monzo:Current Account                 £37.00
    Expenses:Misc                                     £-37.00

2023-11-29 SELECTA U.K. LIMITED   LONDON        GBR
    Assets:Bank:Monzo:Current Account                 £-0.50
    Expenses:Misc                                     £0.50

2023-11-29 SELECTA U.K. LIMITED   LONDON        GBR
    Assets:Bank:Monzo:Current Account                 £-0.50
    Expenses:Misc                                     £0.50

2023-11-29 SELECTA U.K. LIMITED   LONDON        GBR
    Assets:Bank:Monzo:Current Account                 £-0.50
    Expenses:Misc                                     £0.50

2023-11-29 Selecta U.K. Limited   South Ruislip GBR
    Assets:Bank:Monzo:Current Account                 £-0.25
    Expenses:Misc                                     £0.25

2023-11-29 Selecta U.K. Limited   South Ruislip GBR
    Assets:Bank:Monzo:Current Account                 £-0.25
    Expenses:Misc                                     £0.25

2023-11-29 SELECTA U.K. LIMITED   LONDON        GBR
    Assets:Bank:Monzo:Current Account                 £-0.50
    Expenses:Misc                                     £0.50

2023-11-29 SELECTA U.K. LIMITED   LONDON        GBR
    Assets:Bank:Monzo:Current Account                 £-0.50
    Expenses:Misc                                     £0.50

2023-11-30 Round up
    Assets:Bank:Monzo:Current Account                 £-0.70
    Assets:Bank:Monzo:Change Pot                      £0.70

2023-11-30 MONZO
    Assets:Bank:Monzo:Current Account                 £150.00
    Equity:Transfers                                  £-150.00

2023-11-30 Selecta U.K. Limited   South Ruislip GBR
    Assets:Bank:Monzo:Current Account                 £-0.25
    Expenses:Misc                                     £0.25

2023-11-30 Selecta U.K. Limited   South Ruislip GBR
    Assets:Bank:Monzo:Current Account                 £-0.50
    Expenses:Misc                                     £0.50

2023-11-30 Selecta U.K. Limited   South Ruislip GBR
    Assets:Bank:Monzo:Current Account                 £-0.50
    Expenses:Misc                                     £0.50

2023-11-30 ASDA STORE             SITTINGBOURNE GBR
    Assets:Bank:Monzo:Current Account                 £-2.30
    Expenses:Misc                                     £2.30

2023-11-30 SELECTA U.K. LIMITED   LONDON        GBR
    Assets:Bank:Monzo:Current Account                 £-0.50
    Expenses:Misc                                     £0.50

2023-12-01 SELECTA U.K. LIMITED   LONDON        GBR
    Assets:Bank:Monzo:Current Account                 £-0.50
    Expenses:Misc                                     £0.50

2023-12-01
    Assets:Bank:Monzo:Current Account                 £-75.00
    Equity:Transfers                                  £75.00

2023-12-01 MNZK9UENUC2EPFOX
    Assets:Bank:Monzo:Current Account                 £-25.00
    Assets:Bank:Monzo:Oscar Investment                £25.00

2023-12-01 Zettle_*WING FOOD LTD  Kingston      GBR
    Assets:Bank:Monzo:Current Account                 £-12.00
    Expenses:Misc                                     £12.00

2023-12-01
    Assets:Bank:Monzo:Oscar Savings                   £1.07
    Equity:Interest Payments:Monzo:Oscar Savings Pot  £-1.07

2023-12-01
    Assets:Bank:Monzo:Oscar Savings                   £75.00
    Equity:Transfers                                  £-75.00

2023-12-02 NETFLIX.COM            18665797172   GBR
    Assets:Bank:Monzo:Current Account                 £-10.99
    Expenses:Entertainment:Netflix                                     £10.99

2023-12-02 Round up
    Assets:Bank:Monzo:Current Account                 £-0.01
    Assets:Bank:Monzo:Change Pot                      £0.01

2023-12-02 Sweet Delight          Reading       GBR
    Assets:Bank:Monzo:Current Account                 £-13.00
    Expenses:Misc                                     £13.00

2023-12-02 MONZO
    Assets:Bank:Monzo:Current Account                 £50.00
    Equity:Transfers                                  £-50.00

2023-12-03 SELECTA U.K. LIMITED   LONDON        GBR
    Assets:Bank:Monzo:Current Account                 £0.50
    Expenses:Misc                                     £-0.50

2023-12-03 BP STH MIMMS TRUCKSTOP SOUTH MIMMS H GBR
    Assets:Bank:Monzo:Current Account                 £-10.00
    Expenses:Misc                                     £10.00

2023-12-04 SELECTA U.K. LIMITED   LONDON        GBR
    Assets:Bank:Monzo:Current Account                 £-0.50
    Expenses:Misc                                     £0.50

2023-12-04 SELECTA U.K. LIMITED   LONDON        GBR
    Assets:Bank:Monzo:Current Account                 £-0.50
    Expenses:Misc                                     £0.50

2023-12-04 SELECTA U.K. LIMITED   LONDON        GBR
    Assets:Bank:Monzo:Current Account                 £-0.50
    Expenses:Misc                                     £0.50

2023-12-04 SELECTA U.K. LIMITED   LONDON        GBR
    Assets:Bank:Monzo:Current Account                 £-0.50
    Expenses:Misc                                     £0.50

2023-12-04 Selecta U.K. Limited   South Ruislip GBR
    Assets:Bank:Monzo:Current Account                 £-0.25
    Expenses:Misc                                     £0.25

2023-12-05 VAPE CLUB              WATFORD       GBR
    Assets:Bank:Monzo:Current Account                 £-36.38
    Expenses:Misc                                     £36.38

2023-12-05 Round up
    Assets:Bank:Monzo:Current Account                 £-0.62
    Assets:Bank:Monzo:Change Pot                      £0.62

2023-12-05 SELECTA U.K. LIMITED   LONDON        GBR
    Assets:Bank:Monzo:Current Account                 £-0.50
    Expenses:Misc                                     £0.50

2023-12-05 SELECTA U.K. LIMITED   LONDON        GBR
    Assets:Bank:Monzo:Current Account                 £-0.50
    Expenses:Misc                                     £0.50

2023-12-05 Selecta U.K. Limited   South Ruislip GBR
    Assets:Bank:Monzo:Current Account                 £-1.50
    Expenses:Misc                                     £1.50

2023-12-05 Round up
    Assets:Bank:Monzo:Current Account                 £-0.50
    Assets:Bank:Monzo:Change Pot                      £0.50

2023-12-06 SELECTA U.K. LIMITED   LONDON        GBR
    Assets:Bank:Monzo:Current Account                 £-0.50
    Expenses:Misc                                     £0.50

2023-12-06 SELECTA U.K. LIMITED   LONDON        GBR
    Assets:Bank:Monzo:Current Account                 £-0.50
    Expenses:Misc                                     £0.50

2023-12-07 Selecta U.K. Limited   South Ruislip GBR
    Assets:Bank:Monzo:Current Account                 £-2.30
    Expenses:Misc                                     £2.30

2023-12-07 Round up
    Assets:Bank:Monzo:Current Account                 £-0.70
    Assets:Bank:Monzo:Change Pot                      £0.70

2023-12-07 MONZO
    Assets:Bank:Monzo:Current Account                 £150.00
    Equity:Transfers                                  £-150.00

2023-12-07 GOOGLE *YouTubePremium 650-253-0000  GBR
    Assets:Bank:Monzo:Current Account                 £-12.99
    Expenses:Entertainment:Youtube Premium                                     £12.99

2023-12-07 Round up
    Assets:Bank:Monzo:Current Account                 £-0.01
    Assets:Bank:Monzo:Change Pot                      £0.01

2023-12-07 SELECTA U.K. LIMITED   LONDON        GBR
    Assets:Bank:Monzo:Current Account                 £-0.50
    Expenses:Misc                                     £0.50

2023-12-07 SELECTA U.K. LIMITED   LONDON        GBR
    Assets:Bank:Monzo:Current Account                 £-0.50
    Expenses:Misc                                     £0.50

2023-12-07 Selecta U.K. Limited   South Ruislip GBR
    Assets:Bank:Monzo:Current Account                 £-0.25
    Expenses:Misc                                     £0.25

2023-12-07 Selecta U.K. Limited   South Ruislip GBR
    Assets:Bank:Monzo:Current Account                 £-0.25
    Expenses:Misc                                     £0.25

2023-12-08
    Assets:Bank:Monzo:Current Account                 £-75.00
    Equity:Transfers                                  £75.00

2023-12-08 MNZKOKXYNAPDJASV
    Assets:Bank:Monzo:Current Account                 £-25.00
    Assets:Bank:Monzo:Oscar Investment                £25.00

2023-12-08 SELECTA U.K. LIMITED   LONDON        GBR
    Assets:Bank:Monzo:Current Account                 £-0.50
    Expenses:Misc                                     £0.50

2023-12-08 WELCOME BREAK-COBHAM   COBHAM        GBR
    Assets:Bank:Monzo:Current Account                 £-14.60
    Expenses:Misc                                     £14.60

2023-12-08 Round up
    Assets:Bank:Monzo:Current Account                 £-0.40
    Assets:Bank:Monzo:Change Pot                      £0.40

2023-12-08
    Assets:Bank:Monzo:Oscar Savings                   £75.00
    Equity:Transfers                                  £-75.00

2023-12-09 SAINSBURYS - COLNEY PA ST ALBANS     GBR
    Assets:Bank:Monzo:Current Account                 £-3.65
    Expenses:Misc                                     £3.65

2023-12-09 Round up
    Assets:Bank:Monzo:Current Account                 £-0.35
    Assets:Bank:Monzo:Change Pot                      £0.35

2023-12-10 Selecta U.K. Limited   South Ruislip GBR
    Assets:Bank:Monzo:Current Account                 £-2.40
    Expenses:Misc                                     £2.40

2023-12-10 Round up
    Assets:Bank:Monzo:Current Account                 £-0.60
    Assets:Bank:Monzo:Change Pot                      £0.60

2023-12-10 Selecta U.K. Limited   South Ruislip GBR
    Assets:Bank:Monzo:Current Account                 £-0.25
    Expenses:Misc                                     £0.25

2023-12-10 Selecta U.K. Limited   South Ruislip GBR
    Assets:Bank:Monzo:Current Account                 £-0.25
    Expenses:Misc                                     £0.25

2023-12-11
    Assets:Bank:Monzo:Current Account                 £16.80
    Expenses:Misc                                     £-16.80

2023-12-11 Selecta U.K. Limited   South Ruislip GBR
    Assets:Bank:Monzo:Current Account                 £-1.50
    Expenses:Misc                                     £1.50

2023-12-11 Round up
    Assets:Bank:Monzo:Current Account                 £-0.50
    Assets:Bank:Monzo:Change Pot                      £0.50

2023-12-12 SELECTA U.K. LIMITED   LONDON        GBR
    Assets:Bank:Monzo:Current Account                 £-0.50
    Expenses:Misc                                     £0.50

2023-12-12 SELECTA U.K. LIMITED   LONDON        GBR
    Assets:Bank:Monzo:Current Account                 £-0.50
    Expenses:Misc                                     £0.50

2023-12-12 SELECTA U.K. LIMITED   LONDON        GBR
    Assets:Bank:Monzo:Current Account                 £-0.50
    Expenses:Misc                                     £0.50

2023-12-13 Round up
    Assets:Bank:Monzo:Current Account                 £-0.60
    Assets:Bank:Monzo:Change Pot                      £0.60

2023-12-13 SELECTA U.K. LIMITED   LONDON        GBR
    Assets:Bank:Monzo:Current Account                 £-0.50
    Expenses:Misc                                     £0.50

